2249 3638
688 326 1276 506 Kirchenordnung.
264 401 1837 607 der deutsch evangel. lutherischen St. Imanaels-
820 614 1199 789 Gemeinde
341 703 1466 868 Union Township Adams County
1535 657 1861 854 Indiana.
892 816 1139 926 1. A.
878 895 1279 1048 Einleitung.
228 998 2049 1233 Da in einer christlichen Gemeinde dem Worte Gottes
240 1154 2171 1319 gemäß Alles ehrlich und ordentlich zugehen soll, (1 Cor 14, 4)
247 1257 2063 1398 so haben wir die Unterzeichneten Gemeindeglieder es für
230 1329 2058 1492 gut angesehen, dem Worte Gottes gemäß, und auch in eine Ord-
218 1410 2032 1576 nung zu thun und Bestimmungen zu treffen, nach denen es bei
230 1485 2077 1670 der Verwaltung unserer inneren und äußeren Angelegenheiten
254 1617 979 1756 gehalten werden soll.
871 1686 1103 1825 2. A.
485 1777 1648 1938 Name der Kirche und Gemeinde
237 1878 2034 2037 Die Gemeinde soll heißen, und auch für künftige Zeiten sein
249 1967 1753 2113 und bleiben, die Deutsch evangel. lutherische St,
1773 1950 2056 2087 Imanu
249 2056 1713 2226 elsgemeinde, Union Township, Adams County,
1729 2056 2053 2161 Indiana:
844 2154 1051 2252 3. A.
533 2226 1422 2377 Bekenntniß der Gemeinde.
266 2293 2077 2437 Die Gemeinde bekennt sich zu den sämtlichen canonischen
264 2401 2065 2543 Büchern, des alten und neuen Testaments als Gottes geoffen
261 2497 2089 2636 bartem Worte, und zu sämtlichen Symbolen der lutherischen
269 2562 2128 2706 Kirche (wie solche in dem Concordienbuche von 1580 zu finden sind)
247 2663 2037 2785 als der reinen und unverfälschten Darlegung und Erklährung
264 2744 2070 2907 des göttlichen Wortes, nach welcher die Lehre geprüft, und alle
252 2833 2053 3008 etwa vorfallende Lehrstreitigkeiten entschieden werden sol-
252 2929 2101 3082 len. Die Bekenntnisβschriften der Kirche sind: Das apostolische,
257 3006 2092 3178 das nicänische, das athanasische Sÿmbolum; der ungeänderte aug-
257 3099 2025 3260 burgische Confession, deren Apologi (oder Schutzschrift) die schmal-
257 3219 2034 3351 kaltischen Artikel, D. Luthers größer und kleiner Catechis-
252 3293 1396 3435 muß und die Concordienformel.
