2197 3600
738 336 978 466 4. A.
412 410 1857 593 Bedingungen der Aufnahme in die Gemeinde.
263 533 1892 686 Es kann niemand Glied der Gemeinde werden, als wer
278 618 663 765 a.) getauft ist.
265 655 1896 862 b.) sich zur hl. Schrift alten und neuen Testaments als Got-
259 800 1894 951 tes geoffenbarten Worte als Regel und Richtschnur des
263 891 1898 1038 Glaubens und Lebens, und zu den Artickel 3 angeführten
269 976 1708 1125 Bekentnißschriften der lutherischen Kirche bescheint.
253 1065 1878 1206 c.) nicht in offenbaren Werken des Fleisches lebt (Gal 5,19)
269 1156 1886 1302 sondern vielmehr einem weltlichen Wesen abzusagen und in
245 1239 1822 1393 der Kraft des hl Geistes, wie es den Heiligen zustehet, zu
251 1333 1706 1463 Haus und auf dem Felde zu wandeln gesonnen ist.
257 1411 1857 1554 d.) sich den bereits gemeinschaftlich festgestellten und etwa noch zu
259 1500 1865 1658 treffenden Bestimmungen, so sie dem Worte Gottes nicht zuwi-
263 1588 812 1718 der sind, unterwirft.
265 1670 1894 1830 e.) sich in brüderlicher Liebe zurecht weisen lassen will wenn
259 1772 1324 1915 er fehlt, oder vermeintlich gefehlt hat.
251 1863 1869 2008 f.) auch unter Verhältnißen nach Vermögen zur Unterhaltung
251 1952 1830 2102 des Predigamtes, Schulehrers Kirche und Schule, und was
251 2043 1816 2189 sonst noch für Ausgaben sein, beizutragen gesonnen
286 2139 396 2271 ist.
725 2186 949 2319 5. Ar.
468 2298 686 2414 Stimm und Wahlfähigkeit.
245 2388 1824 2499 Wählbar zu einem Amte in der Gemeinde sind alle
238 2472 1853 2613 diejenigen männlichen Mitglieder, die das 23 Lebensjahr
269 2551 1853 2696 zurückgeleget haben und wenigstens ein Jahr Gemeinde-
261 2634 1878 2790 glieder gewesen sind. Aber stimmberechtigt sind alle, die wel-
245 2740 1828 2891 che das 21te Lebensjahr erfüllt haben, mit zurücklegung
238 2819 1832 2978 daselben Jahres sie auch die Ordnung, zum Zeichen ihrer
247 2910 1449 3059 Übereinstimmung, zu unterschreiben haben.
719 2986 982 3121 6., Ar.
531 3055 1279 3227 Gewalt der Gemeinde
220 3146 1888 3328 Die Gemeinde in ihrer Gesamtheit hat die oberste und
230 3262 1836 3405 höchste Gewalt der innern und äußern Verwaltung der
218 3353 1824 3503 kirchlichen und Gemeindeangelegenheiten, und alle Beamten
