2279 3668
263 346 1874 547 der Gemeinde können nur im Auftrage derselben handeln
757 475 1024 600 7. Ar.
430 541 1923 721 Ausschluß, Austritt aus oder Trennung von der Gemeinde
263 636 1855 810 Wenn irgendein Gemeindeglied nach fruchtloser Ermahnung
263 744 379 840 und
399 755 1933 899 Anwendung, der in Math. 18 vorgeschriebenen Stufen (wo sol-
259 827 1902 999 che möglich sind) von der Gemeinde ausgeschlossen wird, so wird es
280 933 1933 1066 aller Rechte eines Gemeindegliedes und eines jeglichen Besitzes
261 1018 1885 1164 der Gemeinde als solcher verlustig, so lange dasselbe nicht wieder
280 1109 1194 1244 in die Gemeinde aufgenommen ist.
263 1189 1916 1350 a) daßelbe gilt auch denjenigen Gemeindegliedern, welche
265 1276 1929 1412 freiwillig aus dem Gemeindeverband heraustreten, oder ihren
263 1367 1889 1473 Austritt durch ihren Weggang bewirken, wenn sie ihre Ver-
273 1467 1651 1560 bindung mit der Gemeinde dadurch aufheben.
153 1522 244 1668 b)
269 1526 1889 1677 Und sollte, was Gott verhüten wollte, Streit entstehen derge
235 1626 1902 1785 stallt, daß ein Teil der Gemeinde das Bekenntniß und den Na
244 1730 1902 1870 men der Gemeinde und Kirche fahren ließe und eine andere
263 1804 1861 1969 Benennung annehmen wollte, so bleibt das Eigenthumsrecht
257 1904 1855 2035 und alle damit verbundenen Vortheile, wie in diesem obigen
271 1989 1902 2145 Artikel angegeben, dem Häuflein, welches das bekentniß und
244 2084 827 2224 den Namen festhält.
793 2162 1431 2313 8. Ar. Von Prediger
254 2211 1910 2404 Es soll kein Prediger angenommen werden, der nicht mit einem
259 2347 1874 2497 anerkannt rechtgläubigen Consistorium oder Synode hier oder
257 2436 1893 2586 in Deutschland in Verbindung steht und gute Zeugnisse in
263 2531 1872 2665 Hinsicht seiner wohlbestandenen Prüfung und seines Lebens-
244 2601 1726 2748 wandels von besagten Körpern beibringen kann.
110 2707 208 2841 a)
242 2690 1885 2845 Er soll das Wort Gottes rein und lauter predigen und daßelbe
254 2784 1895 2945 nach obigen Ar. 3 genannten Bekentnißschriften auszulegen.
237 2870 1885 3025 b) Er soll der Gemeinde mit Leben und Wandel vorleuchten
237 2955 1893 3112 c) Er soll die Kinder fleißig in Gottes Wort und dem kleinen
55 2996 174 3102 lutherischen Catechismus unterrichten
259 3119 1842 3290 d) Er soll den einzeln Seelen treulich nachgehen und sie zu
257 3225 1957 3375 nach ihren Bedürfniss mit und nach Gottes Wort unterrichten
420 3316 1859 3468 und zur Buße, Glauben und Fl. Leben ermahnen mit aller Geduld.
