<?xml version="1.0" encoding="UTF-8" standalone="yes"?>
<PcGts xmlns="http://schema.primaresearch.org/PAGE/gts/pagecontent/2013-07-15" xmlns:xsi="http://www.w3.org/2001/XMLSchema-instance" xsi:schemaLocation="http://schema.primaresearch.org/PAGE/gts/pagecontent/2013-07-15 http://schema.primaresearch.org/PAGE/gts/pagecontent/2013-07-15/pagecontent.xsd">
    <Metadata>
        <Creator>prov=READ-COOP:name=TrHtr:version=2.27.0:model_id=309593:date=09_06_2025_15:05</Creator>
        <Created>2025-06-09T15:03:36.424+02:00</Created>
        <LastChange>2025-06-13T15:21:55.776+02:00</LastChange>
    </Metadata>
    <Page imageFilename="0006_07.jpg" imageWidth="2231" imageHeight="3626">
        <ReadingOrder>
            <OrderedGroup id="ro_1750185953057" caption="Regions reading order">
                <RegionRefIndexed index="0" regionRef="tr_2"/>
                <RegionRefIndexed index="1" regionRef="tr_3"/>
                <RegionRefIndexed index="2" regionRef="tr_1"/>
            </OrderedGroup>
        </ReadingOrder>
        <TextRegion id="tr_2" custom="readingOrder {index:0;}">
            <Coords points="89,374 1950,374 1950,1348 89,1348"/>
            <TextLine id="tr_2_tl_1" custom="readingOrder {index:0;}">
                <Coords points="247,506 483,451 974,510 1056,464 1302,508 1479,447 1701,474 1867,447 1869,365 1553,411 1482,362 1302,390 1222,350 1100,398 999,354 681,409 443,354 249,379"/>
                <Baseline points="259,456 262,453 307,453 352,451 397,448 442,451 486,451 531,451 576,448 621,448 666,448 710,448 755,448 800,445 845,448 890,448 934,451 979,451 1024,448 1069,448 1114,445 1158,445 1203,442 1248,445 1293,442 1338,442 1382,442 1427,442 1472,439 1517,439 1562,439 1606,439 1651,436 1696,436 1741,433 1786,433 1830,430 1875,424"/>
                <TextEquiv>
                    <Unicode>e )Er soll von einem rechtgläubigen Prediger ordinirt oder</Unicode>
                </TextEquiv>
            </TextLine>
            <TextLine id="tr_2_tl_2" custom="readingOrder {index:1;}">
                <Coords points="76,491 107,487 124,504 133,502 148,514 158,514 171,348 141,346 131,339 120,348 112,344 86,350"/>
                <Baseline points="89,453 122,453 167,448"/>
                <TextEquiv>
                    <Unicode></Unicode>
                </TextEquiv>
            </TextLine>
            <TextLine id="tr_2_tl_3" custom="readingOrder {index:2;}">
                <Coords points="244,586 394,607 506,544 830,594 997,544 1172,592 1433,537 1739,596 1897,540 1899,445 1467,447 1271,514 1159,466 974,512 679,457 244,516"/>
                <Baseline points="256,543 289,543 334,543 379,543 424,543 468,543 513,543 558,543 603,543 648,540 692,540 737,540 782,540 827,540 872,543 916,540 961,540 1006,537 1051,537 1096,537 1140,537 1185,534 1230,534 1275,534 1320,534 1364,534 1409,534 1454,531 1499,534 1544,534 1588,534 1633,531 1678,534 1723,531 1768,531 1812,528 1857,525 1902,519"/>
                <TextEquiv>
                    <Unicode>eingeführt und auf die in Ar. 3 genannten Bekentnißschriften</Unicode>
                </TextEquiv>
            </TextLine>
            <TextLine id="tr_2_tl_4" custom="readingOrder {index:3;}">
                <Coords points="274,679 335,668 381,689 417,672 438,691 521,639 603,666 813,643 813,582 782,594 742,563 677,596 645,573 565,588 512,554 346,609 274,577"/>
                <Baseline points="286,630 331,633 376,633 421,633 465,633 510,633 555,633 600,633 645,630 689,630 734,630 779,630 818,630"/>
                <TextEquiv>
                    <Unicode>verpflichtet werden.</Unicode>
                </TextEquiv>
            </TextLine>
            <TextLine id="tr_2_tl_5" custom="readingOrder {index:4;}">
                <Coords points="257,782 615,727 813,780 915,721 1104,771 1172,725 1732,771 1918,733 1918,630 1111,679 822,628 259,687"/>
                <Baseline points="271,731 310,734 355,728 400,725 445,725 489,728 534,725 579,725 624,725 669,725 713,722 758,725 803,722 848,722 893,722 937,722 982,722 1027,722 1072,719 1117,719 1161,719 1206,719 1251,719 1296,719 1341,716 1385,719 1430,719 1475,719 1520,713 1565,710 1609,713 1654,713 1699,713 1744,710 1789,710 1833,710 1878,707 1923,704"/>
                <TextEquiv>
                    <Unicode>Er soll in der Kirche eine rechtgläubige Agende brauchen, und</Unicode>
                </TextEquiv>
            </TextLine>
            <TextLine id="tr_2_tl_6" custom="readingOrder {index:5;}">
                <Coords points="263,837 582,868 685,826 824,866 889,820 1077,822 1151,870 1271,826 1549,866 1764,839 1766,761 1433,784 1376,731 1092,771 976,727 809,784 565,740 266,780"/>
                <Baseline points="274,812 292,812 337,812 382,809 427,812 471,812 516,809 561,809 606,809 651,809 695,809 740,809 785,812 830,809 875,809 919,809 964,809 1009,809 1054,806 1099,806 1143,806 1188,806 1233,806 1278,803 1323,803 1367,803 1412,803 1457,803 1502,803 1547,803 1591,800 1636,800 1681,797 1726,797 1771,797"/>
                <TextEquiv>
                    <Unicode>daraus auch seine besondern Amthandlungen verrichten.</Unicode>
                </TextEquiv>
            </TextLine>
            <TextLine id="tr_2_tl_7" custom="readingOrder {index:6;}">
                <Coords points="858,955 917,917 944,927 988,908 1001,917 1007,910 1022,923 1050,917 1052,832 1035,839 1003,832 995,841 980,837 963,854 942,856 887,818 864,816"/>
                <Baseline points="872,905 875,905 919,902 964,899 1009,899 1054,896"/>
                <TextEquiv>
                    <Unicode>9. Ar.</Unicode>
                </TextEquiv>
            </TextLine>
            <TextLine id="tr_2_tl_8" custom="readingOrder {index:7;}">
                <Coords points="502,1007 717,988 896,1041 965,995 1199,988 1269,1035 1313,999 1536,993 1526,889 1290,938 959,910 839,967 504,910"/>
                <Baseline points="516,985 555,985 600,985 645,985 689,985 734,985 779,985 824,985 869,982 913,982 958,982 1003,982 1048,982 1093,982 1137,979 1182,979 1227,979 1272,976 1317,976 1361,976 1406,976 1451,976 1496,976 1541,976"/>
                <TextEquiv>
                    <Unicode>Die übrigen Beamten der Gemeinde</Unicode>
                </TextEquiv>
            </TextLine>
            <TextLine id="tr_2_tl_9" custom="readingOrder {index:8;}">
                <Coords points="430,1066 462,1060 470,1069 487,1052 518,1054 544,1037 575,1052 599,1039 693,1041 721,1024 757,1026 757,995 712,988 632,1003 584,986 525,1009 476,984 432,1005"/>
                <Baseline points="442,1033 448,1036 492,1036 537,1033 582,1033 627,1033 672,1030 716,1024 761,1027"/>
                <TextEquiv>
                    <Unicode>Schriften</Unicode>
                </TextEquiv>
            </TextLine>
            <TextLine id="tr_2_tl_10" custom="readingOrder {index:9;}">
                <Coords points="266,1096 398,1083 502,1138 611,1083 683,1138 750,1077 1022,1077 1075,1123 1330,1085 1621,1128 1886,1071 1886,1014 1743,984 474,1064 327,988 266,1012"/>
                <Baseline points="277,1075 322,1075 367,1075 412,1078 456,1078 501,1078 546,1078 591,1078 636,1078 680,1078 725,1075 770,1072 815,1072 860,1072 905,1072 949,1072 994,1072 1039,1072 1084,1072 1129,1072 1173,1072 1218,1069 1263,1066 1308,1069 1353,1069 1397,1066 1442,1066 1487,1069 1532,1066 1577,1066 1621,1066 1666,1066 1711,1063 1756,1060 1801,1057 1845,1060 1890,1054"/>
                <TextEquiv>
                    <Unicode>Der (Kirchenath) soll, bei der zeitweiligen (gernügen) Gliederzahl</Unicode>
                </TextEquiv>
            </TextLine>
            <TextLine id="tr_2_tl_11" custom="readingOrder {index:10;}">
                <Coords points="251,1205 561,1178 693,1233 919,1163 1178,1214 1701,1151 1806,1199 1947,1153 1880,1058 1796,1117 1513,1134 1326,1085 921,1140 752,1075 683,1138 398,1083 253,1117"/>
                <Baseline points="265,1167 292,1167 337,1167 382,1167 427,1164 471,1164 516,1164 561,1161 606,1164 651,1161 695,1161 740,1161 785,1161 830,1158 875,1158 919,1158 964,1158 1009,1158 1054,1155 1099,1155 1143,1155 1188,1155 1233,1155 1278,1155 1323,1155 1367,1155 1412,1155 1457,1152 1502,1152 1547,1152 1591,1149 1636,1149 1681,1149 1726,1149 1771,1152 1815,1152 1860,1152 1905,1146 1950,1143"/>
                <TextEquiv>
                    <Unicode>der Gemeinde, bestehen, nebst dem Prediger, aus einem Aeltesten</Unicode>
                </TextEquiv>
            </TextLine>
            <TextLine id="tr_2_tl_12" custom="readingOrder {index:11;}">
                <Coords points="257,1286 685,1252 839,1302 923,1260 1283,1300 1387,1254 1454,1307 1602,1269 1648,1315 1703,1260 1861,1254 1863,1180 1294,1220 932,1170 693,1235 400,1172 259,1201"/>
                <Baseline points="268,1257 301,1257 346,1254 391,1254 436,1251 480,1254 525,1251 570,1251 615,1251 660,1251 704,1251 749,1251 794,1251 839,1248 884,1248 928,1248 973,1251 1018,1248 1063,1248 1108,1245 1152,1245 1197,1245 1242,1245 1287,1245 1332,1245 1376,1242 1421,1245 1466,1245 1511,1242 1556,1239 1600,1239 1645,1239 1690,1239 1735,1239 1780,1239 1824,1239 1869,1236"/>
                <TextEquiv>
                    <Unicode>2 Vorstehern und 3 Trosties, welche alle zwei Jahre gewählt, und</Unicode>
                </TextEquiv>
            </TextLine>
            <TextLine id="tr_2_tl_13" custom="readingOrder {index:12;}">
                <Coords points="272,1387 746,1338 883,1389 1163,1332 1484,1404 1595,1345 1665,1387 1920,1342 1920,1246 1656,1307 1593,1260 1484,1309 1380,1269 925,1258 847,1313 792,1264 274,1273"/>
                <Baseline points="286,1338 313,1338 358,1338 403,1338 448,1335 492,1335 537,1335 582,1338 627,1338 672,1338 716,1338 761,1335 806,1335 851,1335 896,1335 940,1335 985,1335 1030,1332 1075,1332 1120,1332 1164,1329 1209,1326 1254,1326 1299,1326 1344,1326 1388,1329 1433,1329 1478,1329 1523,1326 1568,1326 1612,1326 1657,1323 1702,1323 1747,1320 1792,1323 1836,1323 1881,1323 1926,1314"/>
                <TextEquiv>
                    <Unicode>zwar so, daß die eine Hälfte dieses die andere nächstes Jahr abgeht</Unicode>
                </TextEquiv>
            </TextLine>
        </TextRegion>
        <TextRegion id="tr_3" custom="readingOrder {index:1;}">
            <Coords points="110,1356 1923,1356 1923,2327 110,2327"/>
            <TextLine id="tr_3_tl_1" custom="readingOrder {index:0;}">
                <Coords points="278,1439 390,1477 976,1427 1031,1475 1113,1429 1220,1477 1391,1431 1890,1439 1890,1376 1762,1345 1486,1404 1258,1338 1180,1383 974,1340 883,1387 535,1397 464,1357 278,1393"/>
                <Baseline points="289,1433 328,1430 373,1430 418,1427 462,1427 507,1427 552,1427 597,1427 642,1427 686,1427 731,1424 776,1424 821,1424 866,1424 910,1424 955,1424 1000,1424 1045,1421 1090,1421 1134,1418 1179,1418 1224,1418 1269,1418 1314,1418 1359,1418 1403,1418 1448,1418 1493,1418 1538,1412 1583,1412 1627,1415 1672,1412 1717,1412 1762,1409 1807,1409 1851,1409 1896,1406"/>
                <TextEquiv>
                    <Unicode>und ihre Stelle mit Neuerwählten besetzt wird, von welchen aber</Unicode>
                </TextEquiv>
            </TextLine>
            <TextLine id="tr_3_tl_2" custom="readingOrder {index:1;}">
                <Coords points="257,1543 1690,1530 1690,1444 1117,1446 1033,1488 748,1437 411,1492 257,1467"/>
                <Baseline points="268,1520 307,1517 352,1517 397,1514 442,1517 486,1514 531,1514 576,1514 621,1511 666,1511 710,1511 755,1511 800,1511 845,1511 890,1511 934,1511 979,1508 1024,1508 1069,1508 1114,1508 1158,1505 1203,1505 1248,1505 1293,1505 1338,1505 1382,1505 1427,1502 1472,1502 1517,1502 1562,1502 1606,1499 1651,1499 1696,1496"/>
                <TextEquiv>
                    <Unicode>keiner über 4 Jahre im nämlichen Amte dienen soll.</Unicode>
                </TextEquiv>
            </TextLine>
            <TextLine id="tr_3_tl_3" custom="readingOrder {index:2;}">
                <Coords points="259,1675 381,1627 778,1652 993,1606 1195,1652 1275,1610 1347,1667 1412,1606 1551,1593 1728,1642 1882,1602 1884,1513 259,1572"/>
                <Baseline points="271,1615 295,1612 340,1609 385,1609 430,1606 474,1606 519,1603 564,1603 609,1600 654,1603 698,1603 743,1600 788,1600 833,1600 878,1600 922,1597 967,1597 1012,1597 1057,1597 1102,1594 1146,1594 1191,1597 1236,1594 1281,1594 1326,1597 1370,1591 1415,1594 1460,1594 1505,1588 1550,1588 1571,1588 1574,1588 1618,1588 1663,1591 1708,1588 1753,1588 1798,1586 1842,1586 1887,1586"/>
                <TextEquiv>
                    <Unicode>Es sollen leute gewählt werden, die ihren Glauben durch ein from-</Unicode>
                </TextEquiv>
            </TextLine>
            <TextLine id="tr_3_tl_4" custom="readingOrder {index:3;}">
                <Coords points="97,1663 112,1663 133,1675 139,1671 175,1671 177,1545 164,1543 150,1530 139,1530 124,1515 118,1522 112,1515 101,1515"/>
                <Baseline points="110,1612 137,1609 182,1609"/>
                <TextEquiv>
                    <Unicode>a)</Unicode>
                </TextEquiv>
            </TextLine>
            <TextLine id="tr_3_tl_5" custom="readingOrder {index:4;}">
                <Coords points="381,1720 792,1728 902,1686 997,1732 1077,1692 1193,1737 1292,1707 1669,1760 1756,1713 1907,1756 1865,1612 1627,1640 1442,1600 1351,1663 1275,1610 1195,1652 1100,1604 835,1654 381,1635"/>
                <Baseline points="394,1690 433,1693 477,1693 522,1693 567,1690 612,1690 657,1690 701,1690 746,1690 791,1690 836,1687 881,1687 925,1687 970,1687 1015,1687 1060,1687 1105,1684 1149,1681 1194,1681 1239,1681 1284,1681 1329,1681 1373,1681 1418,1684 1463,1681 1508,1681 1553,1681 1597,1678 1642,1678 1687,1678 1732,1678 1777,1678 1821,1675 1866,1672 1911,1669"/>
                <TextEquiv>
                    <Unicode>Leben beweißen, und auch ein gutes Zeugniß haben gegen die</Unicode>
                </TextEquiv>
            </TextLine>
            <TextLine id="tr_3_tl_6" custom="readingOrder {index:5;}">
                <Coords points="257,1722 280,1726 289,1718 306,1722 325,1739 335,1732 362,1737 365,1667 354,1667 348,1661 318,1667 303,1659 287,1675 278,1671 259,1675"/>
                <Baseline points="271,1696 280,1693 325,1693 370,1693"/>
                <TextEquiv>
                    <Unicode></Unicode>
                </TextEquiv>
            </TextLine>
            <TextLine id="tr_3_tl_7" custom="readingOrder {index:6;}">
                <Coords points="272,1838 424,1846 535,1808 561,1829 664,1812 727,1842 729,1705 674,1728 487,1697 358,1737 274,1720"/>
                <Baseline points="286,1783 331,1780 376,1777 421,1777 465,1780 510,1780 555,1777 600,1777 645,1777 689,1774 734,1774"/>
                <TextEquiv>
                    <Unicode>so draußen sind.</Unicode>
                </TextEquiv>
            </TextLine>
            <TextLine id="tr_3_tl_8" custom="readingOrder {index:7;}">
                <Coords points="736,1890 773,1895 830,1871 889,1905 932,1907 953,1895 1001,1905 1007,1781 963,1798 910,1768 830,1747 742,1749"/>
                <Baseline points="749,1875 785,1869 830,1869 875,1863 919,1866 964,1863 1009,1860"/>
                <TextEquiv>
                    <Unicode>10. Ar</Unicode>
                </TextEquiv>
            </TextLine>
            <TextLine id="tr_3_tl_9" custom="readingOrder {index:8;}">
                <Coords points="381,1981 1560,2002 1739,1971 1741,1890 1033,1876 870,1912 811,1876 685,1924 577,1893 381,1924"/>
                <Baseline points="394,1968 400,1968 445,1965 489,1965 534,1965 579,1962 624,1962 669,1962 713,1962 758,1959 803,1959 848,1959 893,1959 937,1962 982,1959 1027,1959 1072,1959 1117,1959 1161,1962 1206,1962 1251,1962 1296,1959 1341,1956 1385,1956 1430,1956 1475,1956 1520,1953 1565,1950 1609,1950 1654,1950 1699,1947 1744,1944"/>
                <TextEquiv>
                    <Unicode>Von den besondern Pflichten des Altesten</Unicode>
                </TextEquiv>
            </TextLine>
            <TextLine id="tr_3_tl_10" custom="readingOrder {index:9;}">
                <Coords points="447,2013 464,2011 476,2021 497,2008 510,2025 523,2017 535,2025 544,2021 548,2030 580,2011 594,2017 611,2006 634,2011 639,1971 565,1962 540,1975 497,1964 464,1985 449,1983"/>
                <Baseline points="459,2007 504,2007 549,1998 594,1998 639,1992"/>
                <TextEquiv>
                    <Unicode>V. v. St.</Unicode>
                </TextEquiv>
            </TextLine>
            <TextLine id="tr_3_tl_11" custom="readingOrder {index:10;}">
                <Coords points="259,2118 438,2059 788,2116 1026,2065 1182,2112 1315,2053 1551,2103 1796,2061 1798,1943 1560,2002 733,1971 558,2027 261,1973"/>
                <Baseline points="271,2057 280,2057 325,2057 370,2051 415,2054 459,2054 504,2054 549,2051 594,2051 639,2051 683,2051 728,2048 773,2048 818,2048 863,2048 907,2048 952,2048 997,2045 1042,2045 1087,2045 1132,2048 1176,2045 1221,2045 1266,2045 1311,2045 1356,2042 1400,2045 1445,2042 1490,2042 1535,2039 1580,2039 1624,2039 1669,2039 1714,2039 1759,2037 1804,2034"/>
                <TextEquiv>
                    <Unicode>Er hat über das (geistliche) Wohl der Gemeinde über Zucht und</Unicode>
                </TextEquiv>
            </TextLine>
            <TextLine id="tr_3_tl_12" custom="readingOrder {index:11;}">
                <Coords points="263,2198 719,2139 1315,2194 1505,2133 1844,2152 1846,2042 1553,2103 1317,2053 1134,2116 1045,2070 727,2116 628,2061 266,2114"/>
                <Baseline points="274,2147 283,2147 328,2147 373,2144 418,2144 462,2144 507,2144 552,2141 597,2138 642,2138 686,2138 731,2138 776,2138 821,2138 866,2138 910,2135 955,2135 1000,2135 1045,2132 1090,2132 1134,2132 1179,2129 1224,2129 1269,2129 1314,2129 1359,2129 1403,2129 1448,2129 1493,2129 1538,2129 1583,2126 1627,2129 1672,2129 1717,2129 1762,2126 1807,2126 1851,2123"/>
                <TextEquiv>
                    <Unicode>Lehre zu wachen und dem Prediger beizustehen in der Kran-</Unicode>
                </TextEquiv>
            </TextLine>
            <TextLine id="tr_3_tl_13" custom="readingOrder {index:12;}">
                <Coords points="282,2266 565,2295 769,2226 1176,2278 1250,2219 1509,2278 1914,2228 1916,2148 1720,2177 1505,2131 1315,2190 719,2139 569,2198 354,2164 282,2200"/>
                <Baseline points="295,2234 304,2231 349,2231 394,2231 439,2231 483,2231 528,2231 573,2228 618,2228 663,2228 707,2228 752,2225 797,2225 842,2225 887,2225 931,2225 976,2222 1021,2222 1066,2222 1111,2219 1155,2222 1200,2219 1245,2219 1290,2219 1335,2219 1379,2219 1424,2219 1469,2219 1514,2219 1559,2216 1603,2216 1648,2216 1693,2216 1738,2213 1783,2213 1827,2213 1872,2210 1917,2204"/>
                <TextEquiv>
                    <Unicode>kenpflege Z.B. bei langwiehrigen Krankheiten, wenn die</Unicode>
                </TextEquiv>
            </TextLine>
            <TextLine id="tr_3_tl_14" custom="readingOrder {index:13;}">
                <Coords points="272,2369 544,2314 1016,2356 1195,2306 1463,2354 1705,2303 1772,2344 1916,2318 1918,2228 1509,2278 1246,2217 1104,2285 1022,2244 274,2259"/>
                <Baseline points="283,2317 310,2317 355,2314 400,2314 445,2314 489,2314 534,2314 579,2314 624,2311 669,2314 713,2311 758,2308 803,2308 848,2308 893,2308 937,2305 982,2302 1027,2305 1072,2302 1117,2302 1161,2305 1206,2302 1251,2302 1296,2302 1341,2302 1385,2302 1430,2302 1475,2302 1520,2302 1565,2299 1609,2299 1654,2299 1699,2299 1744,2299 1789,2296 1833,2299 1878,2296 1923,2293"/>
                <TextEquiv>
                    <Unicode>Hausleute nicht im Stande sind, die Nachtwachen zu vollziehen</Unicode>
                </TextEquiv>
            </TextLine>
        </TextRegion>
        <TextRegion id="tr_1" custom="readingOrder {index:2;}">
            <Coords points="137,2336 1965,2336 1965,3567 137,3567"/>
            <TextLine id="tr_1_tl_1" custom="readingOrder {index:0;}">
                <Coords points="293,2409 594,2445 765,2403 1062,2455 1507,2440 1591,2390 1903,2424 1905,2325 1505,2367 1109,2308 1016,2356 759,2325 630,2388 523,2322 295,2348"/>
                <Baseline points="304,2404 340,2404 385,2404 430,2404 474,2404 519,2404 564,2404 609,2404 654,2401 698,2401 743,2401 788,2401 833,2401 878,2398 922,2395 967,2395 1012,2395 1057,2395 1102,2392 1146,2395 1191,2392 1236,2392 1281,2392 1326,2392 1370,2392 1415,2392 1460,2392 1505,2389 1550,2389 1594,2389 1639,2389 1684,2389 1729,2389 1774,2389 1818,2389 1863,2389 1908,2386"/>
                <TextEquiv>
                    <Unicode>oder bei drückender Armuth, oder sonstigen Werken der Lie-</Unicode>
                </TextEquiv>
            </TextLine>
            <TextLine id="tr_1_tl_2" custom="readingOrder {index:1;}">
                <Coords points="263,2529 459,2502 719,2550 902,2504 995,2542 1264,2487 1608,2540 1897,2495 1897,2426 1785,2413 1062,2453 668,2411 499,2457 266,2422"/>
                <Baseline points="277,2496 289,2496 334,2493 379,2493 424,2493 468,2493 513,2493 558,2493 603,2491 648,2491 692,2488 737,2488 782,2491 827,2488 872,2488 916,2485 961,2482 1006,2482 1051,2482 1096,2482 1140,2482 1185,2482 1230,2485 1275,2482 1320,2482 1364,2482 1409,2482 1454,2482 1499,2479 1544,2479 1588,2476 1633,2476 1678,2476 1723,2476 1768,2476 1812,2476 1857,2473 1902,2473"/>
                <TextEquiv>
                    <Unicode>be die nöthig erscheinen, so hat der Älsteste darauf zu sehen</Unicode>
                </TextEquiv>
            </TextLine>
            <TextLine id="tr_1_tl_3" custom="readingOrder {index:2;}">
                <Coords points="274,2586 1087,2571 1262,2622 1376,2565 1920,2571 1920,2499 1604,2542 1066,2495 719,2550 459,2502 274,2535"/>
                <Baseline points="286,2577 313,2577 358,2577 403,2577 448,2577 492,2577 537,2574 582,2571 627,2571 672,2568 716,2568 761,2568 806,2568 851,2568 896,2565 940,2565 985,2565 1030,2562 1075,2562 1120,2562 1164,2562 1209,2562 1254,2562 1299,2562 1344,2562 1388,2562 1433,2562 1478,2562 1523,2562 1568,2559 1612,2556 1657,2556 1702,2556 1747,2556 1792,2556 1836,2556 1881,2553 1926,2553"/>
                <TextEquiv>
                    <Unicode>wie dieser oder jener Noth abgeholfen werden könne, er</Unicode>
                </TextEquiv>
            </TextLine>
            <TextLine id="tr_1_tl_4" custom="readingOrder {index:3;}">
                <Coords points="272,2698 462,2664 565,2723 790,2670 1009,2708 1125,2649 1412,2655 1469,2708 1781,2649 1958,2710 1960,2571 1492,2615 1391,2567 1262,2622 274,2586"/>
                <Baseline points="283,2658 307,2655 352,2658 397,2658 442,2658 486,2658 531,2658 576,2655 621,2655 666,2652 710,2652 755,2655 800,2652 845,2652 890,2652 934,2652 979,2649 1024,2649 1069,2649 1114,2649 1158,2649 1203,2646 1248,2646 1293,2646 1338,2646 1382,2646 1427,2646 1472,2646 1517,2646 1562,2643 1606,2640 1651,2640 1696,2640 1741,2643 1786,2643 1830,2643 1875,2640 1920,2640 1965,2640"/>
                <TextEquiv>
                    <Unicode>sterer durch Bestellung solcher Leute die wachen letztererdurch</Unicode>
                </TextEquiv>
            </TextLine>
            <TextLine id="tr_1_tl_5" custom="readingOrder {index:4;}">
                <Coords points="280,2782 531,2824 807,2771 887,2809 1077,2744 1178,2799 1387,2773 1551,2826 1886,2776 1888,2674 282,2693"/>
                <Baseline points="292,2756 325,2756 370,2756 415,2753 459,2753 504,2753 549,2750 594,2753 639,2750 683,2747 728,2747 773,2747 818,2747 863,2747 907,2744 952,2744 997,2744 1042,2744 1087,2744 1132,2741 1176,2744 1221,2744 1266,2741 1311,2741 1356,2741 1400,2741 1445,2741 1490,2738 1535,2738 1580,2735 1624,2735 1669,2735 1714,2735 1759,2735 1804,2732 1848,2732 1893,2732"/>
                <TextEquiv>
                    <Unicode>ein Gesuch an die Gemeinde um Abhülfe besonders soll</Unicode>
                </TextEquiv>
            </TextLine>
            <TextLine id="tr_1_tl_6" custom="readingOrder {index:5;}">
                <Coords points="280,2860 569,2849 668,2887 759,2837 938,2906 1022,2851 1317,2870 1444,2839 1446,2784 1300,2801 1077,2744 887,2811 615,2776 512,2824 282,2782"/>
                <Baseline points="292,2843 331,2843 376,2846 421,2843 465,2843 510,2843 555,2840 600,2843 645,2840 689,2840 734,2837 779,2834 824,2834 869,2834 913,2834 958,2834 1003,2834 1048,2831 1093,2831 1137,2828 1182,2828 1227,2828 1272,2825 1317,2825 1361,2825 1406,2825 1451,2822"/>
                <TextEquiv>
                    <Unicode>auch er mit guten Beispiel vorangehen.</Unicode>
                </TextEquiv>
            </TextLine>
            <TextLine id="tr_1_tl_7" custom="readingOrder {index:6;}">
                <Coords points="274,2972 367,2995 440,2938 674,2995 891,2936 978,2984 1290,2917 1484,2972 1768,2957 1876,2934 1878,2856 1707,2818 1572,2862 1016,2851 944,2906 748,2837 666,2887 274,2856"/>
                <Baseline points="286,2936 313,2936 358,2936 403,2933 448,2933 492,2936 537,2930 582,2930 627,2930 672,2930 716,2927 761,2927 806,2927 851,2924 896,2924 940,2924 985,2921 1030,2924 1075,2921 1120,2921 1164,2918 1209,2918 1254,2918 1299,2915 1344,2918 1388,2915 1433,2915 1478,2912 1523,2915 1568,2912 1612,2915 1657,2915 1702,2912 1747,2912 1792,2912 1836,2912 1881,2912"/>
                <TextEquiv>
                    <Unicode>Er soll darauf sehen, daß die Kinder fleißig in die Schu-</Unicode>
                </TextEquiv>
            </TextLine>
            <TextLine id="tr_1_tl_8" custom="readingOrder {index:7;}">
                <Coords points="126,2972 137,2972 145,2963 164,2978 179,2969 194,2986 219,2988 226,2866 213,2868 204,2860 190,2866 171,2845 131,2851"/>
                <Baseline points="137,2939 182,2939 226,2936"/>
                <TextEquiv>
                    <Unicode>A. 1</Unicode>
                </TextEquiv>
            </TextLine>
            <TextLine id="tr_1_tl_9" custom="readingOrder {index:8;}">
                <Coords points="274,3041 352,3075 493,3018 805,3031 978,3085 1463,3016 1570,3064 1958,3016 1960,2946 1509,2972 1252,2919 991,2984 908,2944 691,2993 516,2944 276,2974"/>
                <Baseline points="286,3013 307,3013 352,3016 397,3013 442,3013 486,3013 531,3013 576,3013 621,3010 666,3010 710,3010 755,3010 800,3007 845,3007 890,3007 934,3004 979,3004 1024,3001 1069,3001 1114,3001 1158,2998 1203,3001 1248,3001 1293,2998 1338,3001 1382,3001 1427,3001 1472,3001 1517,2998 1562,2998 1606,2995 1651,2995 1696,2995 1741,2995 1786,2995 1830,2995 1875,2995 1920,2992 1965,2992"/>
                <TextEquiv>
                    <Unicode>le geschickt wo vom Prediger oder Schullehrer recht unterrichtet</Unicode>
                </TextEquiv>
            </TextLine>
            <TextLine id="tr_1_tl_10" custom="readingOrder {index:9;}">
                <Coords points="287,3121 337,3123 379,3109 438,3115 476,3142 493,3130 516,3134 521,3045 478,3066 447,3047 422,3066 384,3073 341,3075 322,3054 289,3058"/>
                <Baseline points="298,3112 343,3109 388,3106 433,3103 477,3100 522,3100"/>
                <TextEquiv>
                    <Unicode>werden</Unicode>
                </TextEquiv>
            </TextLine>
            <TextLine id="tr_1_tl_11" custom="readingOrder {index:10;}">
                <Coords points="811,3201 830,3210 841,3199 864,3218 870,3212 908,3229 997,3191 1062,3189 1066,3098 1014,3100 997,3081 984,3090 942,3079 877,3087 818,3056"/>
                <Baseline points="824,3189 845,3189 890,3189 934,3186 979,3186 1024,3180 1069,3180"/>
                <TextEquiv>
                    <Unicode>11.  Ar.</Unicode>
                </TextEquiv>
            </TextLine>
            <TextLine id="tr_1_tl_12" custom="readingOrder {index:11;}">
                <Coords points="453,3288 647,3292 750,3334 820,3281 942,3305 1100,3271 1165,3319 1239,3315 1275,3281 1380,3283 1383,3193 1286,3159 1174,3203 995,3187 906,3231 761,3189 601,3229 455,3199"/>
                <Baseline points="465,3276 489,3279 534,3279 579,3279 624,3276 669,3273 713,3276 758,3276 803,3276 848,3273 893,3273 937,3273 982,3273 1027,3270 1072,3270 1117,3270 1161,3270 1206,3267 1251,3267 1296,3267 1341,3267 1385,3264"/>
                <TextEquiv>
                    <Unicode>Die Pflichten der Vorsteher</Unicode>
                </TextEquiv>
            </TextLine>
            <TextLine id="tr_1_tl_13" custom="readingOrder {index:12;}">
                <Coords points="266,3429 953,3370 1081,3416 1146,3366 1448,3357 1760,3355 1871,3410 1918,3393 1920,3283 1825,3254 1574,3330 1536,3290 1165,3321 1009,3273 723,3347 655,3298 268,3267"/>
                <Baseline points="277,3375 313,3375 358,3372 403,3372 448,3372 492,3372 537,3372 582,3372 627,3369 672,3369 716,3366 761,3363 806,3360 851,3360 896,3360 940,3360 985,3360 1030,3360 1075,3360 1120,3357 1164,3354 1209,3354 1254,3354 1299,3357 1344,3357 1388,3357 1433,3357 1478,3357 1523,3354 1568,3351 1612,3351 1657,3354 1702,3354 1747,3354 1792,3354 1836,3354 1881,3354 1926,3351"/>
                <TextEquiv>
                    <Unicode>Sie haben die Gemeindekasse zu verwalten und alljähr-</Unicode>
                </TextEquiv>
            </TextLine>
            <TextLine id="tr_1_tl_14" custom="readingOrder {index:13;}">
                <Coords points="270,3520 649,3484 845,3515 980,3471 1100,3515 1193,3475 1374,3507 1538,3467 1541,3387 1146,3366 1077,3416 955,3368 811,3423 689,3389 272,3420"/>
                <Baseline points="283,3467 289,3467 334,3467 379,3461 424,3461 468,3461 513,3458 558,3458 603,3455 648,3455 692,3455 737,3452 782,3449 827,3446 872,3446 916,3446 961,3446 1006,3446 1051,3449 1096,3449 1140,3446 1185,3446 1230,3443 1275,3446 1320,3446 1364,3443 1409,3446 1454,3443 1499,3443 1544,3443"/>
                <TextEquiv>
                    <Unicode>ig zur festgesetzten Zeit vor der Gemeinde</Unicode>
                </TextEquiv>
            </TextLine>
            <TextLine id="tr_1_tl_15" custom="readingOrder {index:14;}">
                <Coords points="1566,3473 1606,3484 1640,3511 1688,3505 1737,3477 1766,3494 1783,3494 1804,3473 1838,3479 1838,3414 1806,3427 1724,3385 1684,3399 1656,3389 1633,3399 1616,3387 1566,3406"/>
                <Baseline points="1577,3443 1621,3446 1666,3446 1711,3446 1756,3446 1801,3446 1842,3446"/>
                <TextEquiv>
                    <Unicode>Rechnung</Unicode>
                </TextEquiv>
            </TextLine>
            <TextLine id="tr_1_tl_16" custom="readingOrder {index:15;}">
                <Coords points="301,3604 365,3623 396,3610 409,3619 438,3608 632,3606 636,3505 577,3513 502,3496 453,3522 396,3486 348,3511 306,3507"/>
                <Baseline points="316,3554 325,3557 370,3554 415,3554 459,3554 504,3554 549,3551 594,3548 639,3548"/>
                <TextEquiv>
                    <Unicode>abzulegen.</Unicode>
                </TextEquiv>
            </TextLine>
        </TextRegion>
    </Page>
</PcGts>
