2279 3650
116 354 214 465 Au
246 310 1738 497 Sie haben für den Unterhalt des Pastors Sorge zu tragen
258 443 1919 600 die Coleckten zu erheben, das Nothige zum Gottesdienst und
262 534 1916 687 Abendmahl herbei zuschaffen, und auf Ordnung bei demselben
256 646 554 773 zu sehen.
741 678 1047 842 12. Or.
449 801 1430 960 Von der Pflichten des Trosties.
265 894 1782 1049 Sie haben auf das Kirchengut zu sehen daselbe sowie
265 999 1875 1141 die Gebäude in gehörigen Stand zu erhalten, die in ihr Fach
276 1086 1898 1227 einschlagende Rechnung zu führen, und allenfalls, so es nöthig
283 1161 1877 1319 die Gemeinde bei der weltlichen Obrigkeit zu vertreten.
817 1257 1106 1385 13. Ar.
383 1332 1636 1492 Die Pflichten der einzeln Gemeindeglieder
173 1421 253 1549 a
294 1421 1880 1558 Alle Erweisungen des Predigamtes auch die pörsönliche Er-
271 1519 1291 1661 nahrung willig an und Aufzunehmen.
285 1604 1921 1745 kein jaunliches Partheiwesen gegen den Pastor anzuregen, fördern
148 1606 251 1738 b.)
274 1729 1887 1825 oder dulden, sondern in eigner Person oder durch den Mund der
260 1820 1898 1944 Vorsteher mit ihm zu handeln, wo er wirklich oder vermeintlich
269 1889 1832 2030 gefehlt hat, und dem Einen oder den Andere Anstoß gegeben.
276 1955 2053 2126 Die Predigt sowie die Christenlehre fleißig zu besuchen, auch die keiner
271 2069 1467 2215 fleißig zur desselben sowie zur Schule angehalten
265 2149 1900 2300 Die Gemeindeverſeinungen nicht ohne dringende Noth zu verſäumen
78 2144 237 2304 2,
281 2236 1800 2384 um auf derselben sich alles fleischlichen Eifers sich zu entschlagen.
285 2338 2005 2459 bei der Wahl der Gemeindebeamten nach Pflicht und Gewissen zu stimmen.
271 2418 1998 2573 Überhaupt einen christlichen Lebenswandel zu führen und sich das Gewohn
162 2443 265 2578 fz
274 2500 2005 2664 heitsmäßigen Besuch der Frankhäufer und Canzbäden u. s. w. zu enthal¬
265 2614 379 2703 ten
125 2598 1916 2845 g.) Die gewöhnliches unter Artickel 4 benanten Ausgaben bestreiten
292 2763 2019 2915 helfen, besonders sich auch in andere Nerken des Liebe und zur Erhaltung
287 2865 1565 3025 des Reiches Gottes nach außen hie thätig erweißen.
819 2936 1097 3066 14 Ør.
479 3011 1665 3194 Versammlung und Beschlüße der Gemeinde
292 3121 2026 3269 Zu einer Gemeindeversamlung ist nöthig, daß wenigstens der
267 3221 2046 3363 4te Theil der stimmberechtigten Gemeindeglieder versammelt sei, und
1574 3292 2151 3372 wird die Majorität der
276 3306 2049 3463 zu einem für die Gemeinde gültigen beschluß wurden zwei Drittheil
276 3374 2112 3545 Stimmen der Anwesenden erfordert. Ausgenommen bei Erwählung eines
