2167 3572
75 2903 175 3048 d)
19 3163 157 3319 b 11
220 320 1891 486 Pastors bei Abänderung oder Zusetzung zur Kirchenordnung in
220 421 1896 573 diesen beiden angeführten Stücken müßen zwei Drittheil der Stimm-
229 517 1910 671 berechtigten Gemeindeglieder beisammen sein und von diesen müßen
236 605 989 748 zwei drittheil dafür stimmen.
220 699 1893 846 Jeder nicht Anwesende leistet auf den Fall seines Nicht erscheinens
229 792 947 940 auf sein Stimmrecht verzicht.
222 867 1884 1014 Der anberaumte Tag der Gemeindeversam̅lung soll mindestens
224 970 1975 1106 den Sonntag vorher vor versammelter Gemeinde angezeigt werden.
783 1052 1040 1183 15., St.
725 1148 1089 1274 Kirchenzucht.
224 1216 2006 1365 Sollte ein Kirchenmitglied sich versündigen gegen die Lehre und Zucht
231 1328 1971 1461 der Gemeinde, so ist jedes Gemeindeglied, welches es siehet verpflichtet
229 1400 2022 1543 das sündigende Glied in Liebe zu ermahnen, hört es dasselbe nicht, so soll
229 1496 2043 1634 es noch 2 dazu nehmen und die Vermahnung wiederhohlen, finden die
234 1573 2022 1697 3 kein Gehör so sollen sie es vor die Gemeinde bringen, erfolgt nun
234 1683 1980 1812 auch vor versammelter Gemeinde keine Buße, so soll das sündigende
1508 1760 2034 1921 Gemeinde bis es beste
243 1758 1494 1900 Glied ausgeschloßen werden von der versamelten
215 1861 788 1996 thut und sich bessert.
236 1914 1940 2090 Gröbe öffendliche Sünden sollen auch öffendlich gestraft werden.
797 2024 1033 2160 16 Ar.
456 2087 1325 2256 Aufnahme neuer Mitglieder
206 2190 2022 2347 Diejenigen lutheraner, welche begehren in die Gemeinde aufgenommen
224 2281 1959 2436 zu werden haben sich bei dem Pastor oder Aeltesten zu melten
224 2368 2013 2522 und durch diese ihre Gesuch an die Gemeinde zu bringen, in Fall
234 2464 2003 2597 nun die Gemeinde gaftig Kenntniß von ihrem Vorhalten hat und
208 2546 2022 2653 nichts gegen sie einzuwenden ist, so können sie, nachdem sie mit der
1508 2630 2031 2779 sogleich aufgenom̅en
210 2637 1484 2782 Kirchenordnung bekannt gemacht worden sind
213 2730 2022 2873 werden, welche sie zum Zeugniß ihrer Übereinstimmung zu un-
213 2810 767 2952 terschreiben haben.
208 2852 1971 3041 Sollte aber die Gemeinde in ihrer Mehr oder Minderzahl
196 2957 2071 3132 Bedenken tragen, die Bittenden sogleich aufzunehmen, so müßen
213 3062 1781 3188 sie sich eine vierteljährige Probezeit gefallen lassen.
196 3158 1473 3305 Lutheraner hier zu lande, sollen angehalten
1496 3163 2027 3275 werden, von ihren
206 3240 1681 3394 bisherigen Seelsorgern Zeugniße beizubringen, nach
1823 3251 2008 3389 welchen für so-
210 3326 1239 3495 gleich auf genommen werden können
