<?xml version="1.0" encoding="UTF-8" standalone="yes"?>
<PcGts xmlns="http://schema.primaresearch.org/PAGE/gts/pagecontent/2013-07-15" xmlns:xsi="http://www.w3.org/2001/XMLSchema-instance" xsi:schemaLocation="http://schema.primaresearch.org/PAGE/gts/pagecontent/2013-07-15 http://schema.primaresearch.org/PAGE/gts/pagecontent/2013-07-15/pagecontent.xsd">
    <Metadata>
        <Creator>prov=READ-COOP:name=TrHtr:version=2.27.0:model_id=309593:date=09_06_2025_17:20</Creator>
        <Created>2025-06-09T17:15:56.244+02:00</Created>
        <LastChange>2025-06-17T17:35:36.615+02:00</LastChange>
    </Metadata>
    <Page imageFilename="0009_010.jpg" imageWidth="2279" imageHeight="3668">
        <ReadingOrder>
            <OrderedGroup id="ro_1750185953091" caption="Regions reading order">
                <RegionRefIndexed index="0" regionRef="tr_1"/>
                <RegionRefIndexed index="1" regionRef="tr_2"/>
            </OrderedGroup>
        </ReadingOrder>
        <TextRegion orientation="0.0" id="tr_1" custom="readingOrder {index:0;}">
            <Coords points="274,395 274,2089 2104,2089 2104,395"/>
            <TextLine id="tr_1_tl_1" custom="readingOrder {index:0;}">
                <Coords points="844,477 897,468 933,504 954,497 979,506 1004,490 1020,497 1049,474 1106,465 1109,397 1088,397 1036,365 1020,381 992,372 972,383 949,372 894,390 846,374"/>
                <Baseline points="856,444 881,442 907,442 933,444 958,444 984,444 1010,444 1035,443 1061,441 1087,440 1113,438"/>
                <TextEquiv>
                    <Unicode>17. Ar.</Unicode>
                </TextEquiv>
            </TextLine>
            <TextLine id="tr_1_tl_2" custom="readingOrder {index:1;}">
                <Coords points="262,550 1068,548 1179,607 2092,557 2092,461 1907,440 1804,486 897,468 828,511 262,417"/>
                <Baseline points="274,525 365,528 456,531 547,534 638,531 730,537 821,540 912,539 1003,541 1094,543 1186,542 1277,543 1368,543 1459,543 1550,543 1642,540 1733,538 1824,537 1915,536 2006,535 2098,531"/>
                <TextEquiv>
                    <Unicode>Die Kinder sollen, wenn sie die gehörige Reife der Erkentniß erlangt</Unicode>
                </TextEquiv>
            </TextLine>
            <TextLine id="tr_1_tl_3" custom="readingOrder {index:2;}">
                <Coords points="271,668 2078,662 2076,589 1775,561 1490,609 1335,570 1104,614 1015,557 865,611 525,550 269,584"/>
                <Baseline points="283,620 373,617 463,620 553,623 643,626 733,629 823,629 913,629 1003,629 1093,632 1183,632 1273,632 1363,632 1453,635 1543,635 1633,635 1723,632 1813,631 1903,626 1993,628 2083,626"/>
                <TextEquiv>
                    <Unicode>zum Confirmantenunterricht angenom̅en, wenn dieser beendigt sollen</Unicode>
                </TextEquiv>
            </TextLine>
            <TextLine id="tr_1_tl_4" custom="readingOrder {index:3;}">
                <Coords points="281,751 527,787 782,728 1074,792 1369,737 1729,792 2099,732 2058,671 1754,650 1006,659 956,700 281,673"/>
                <Baseline points="292,710 382,713 473,716 563,716 654,719 745,719 835,722 926,722 1016,725 1107,726 1198,727 1288,728 1379,728 1469,728 1560,728 1651,725 1741,725 1832,724 1922,722 2013,722 2104,716"/>
                <TextEquiv>
                    <Unicode>sie öffendlich vor der Gemeinde geprüft, und wenn sie fähig erfunden con-</Unicode>
                </TextEquiv>
            </TextLine>
            <TextLine id="tr_1_tl_5" custom="readingOrder {index:4;}">
                <Coords points="274,849 826,817 949,878 1084,837 1209,860 1453,828 1451,746 1072,792 972,739 714,776 616,735 525,787 461,741 271,746"/>
                <Baseline points="283,799 341,800 400,802 459,805 518,806 577,808 635,808 694,808 753,808 812,808 871,808 929,810 988,806 1047,811 1106,814 1165,814 1223,811 1282,811 1341,811 1400,814 1459,811"/>
                <TextEquiv>
                    <Unicode>firmirt und zum Abendmahl zugelaßen werden.</Unicode>
                </TextEquiv>
            </TextLine>
            <TextLine id="tr_1_tl_6" custom="readingOrder {index:5;}">
                <Coords points="883,995 901,997 926,1017 951,1001 965,1015 1017,1020 1017,910 999,908 976,924 965,919 951,933 915,944 883,931"/>
                <Baseline points="895,993 920,995 945,996 970,994 995,993 1020,993"/>
                <TextEquiv>
                    <Unicode>18</Unicode>
                </TextEquiv>
            </TextLine>
            <TextLine id="tr_1_tl_7" custom="readingOrder {index:6;}">
                <Coords points="283,1111 607,1145 712,1086 1122,1145 1494,1081 1859,1134 2083,1084 2083,1020 1880,999 1376,1058 283,1006"/>
                <Baseline points="295,1065 384,1074 474,1077 564,1077 653,1074 743,1077 833,1080 922,1080 1012,1077 1102,1083 1192,1083 1281,1080 1371,1080 1461,1077 1550,1080 1640,1080 1730,1083 1819,1083 1909,1080 1999,1080 2089,1077"/>
                <TextEquiv>
                    <Unicode>Die Ordnung soll jährlich wenigsten einmal vor versamelter Gemeinde</Unicode>
                </TextEquiv>
            </TextLine>
            <TextLine id="tr_1_tl_8" custom="readingOrder {index:7;}">
                <Coords points="283,1186 443,1220 801,1175 938,1223 1020,1170 1312,1232 1880,1173 1862,1093 1729,1141 1467,1095 1209,1147 283,1111"/>
                <Baseline points="295,1160 374,1163 454,1166 533,1166 613,1164 692,1164 772,1166 851,1166 931,1169 1010,1169 1090,1169 1170,1169 1249,1169 1329,1169 1408,1169 1488,1169 1567,1166 1647,1164 1726,1166 1806,1162 1886,1155"/>
                <TextEquiv>
                    <Unicode>vorgelesen und auf Verlangen näher erklährt und ausgelegt werden</Unicode>
                </TextEquiv>
            </TextLine>
            <TextLine id="tr_1_tl_9" custom="readingOrder {index:8;}">
                <Coords points="928,1353 944,1353 960,1366 974,1357 997,1364 1013,1364 1022,1355 1070,1360 1074,1232 1033,1225 988,1259 958,1234 933,1234"/>
                <Baseline points="943,1322 969,1322 996,1321 1023,1320 1050,1319 1077,1319"/>
                <TextEquiv>
                    <Unicode>19</Unicode>
                </TextEquiv>
            </TextLine>
            <TextLine id="tr_1_tl_10" custom="readingOrder {index:9;}">
                <Coords points="281,1446 440,1428 509,1485 577,1442 1387,1444 1496,1499 1656,1446 1738,1487 1923,1460 1921,1380 1770,1348 1437,1389 1214,1337 281,1355"/>
                <Baseline points="292,1423 373,1426 455,1425 536,1429 618,1430 700,1429 781,1432 863,1432 945,1432 1026,1432 1108,1432 1190,1432 1271,1432 1353,1435 1435,1435 1516,1434 1598,1427 1680,1432 1761,1432 1843,1432 1925,1432"/>
                <TextEquiv>
                    <Unicode>Die Wahl der Gemeindebeamten und die Ablegung der Rechnung</Unicode>
                </TextEquiv>
            </TextLine>
            <TextLine id="tr_1_tl_11" custom="readingOrder {index:10;}">
                <Coords points="287,1556 1898,1549 1898,1469 1663,1446 1515,1501 1216,1437 981,1487 287,1458"/>
                <Baseline points="301,1513 381,1515 461,1516 541,1519 621,1519 701,1519 781,1521 862,1522 942,1522 1022,1522 1102,1522 1182,1522 1262,1519 1342,1520 1423,1522 1503,1522 1583,1520 1663,1516 1743,1516 1823,1519 1904,1519"/>
                <TextEquiv>
                    <Unicode>derselben, so alljährtig in der Advendszeit oder vor dem Schluße</Unicode>
                </TextEquiv>
            </TextLine>
            <TextLine id="tr_1_tl_12" custom="readingOrder {index:11;}">
                <Coords points="297,1617 461,1656 557,1645 609,1674 744,1638 917,1647 917,1565 840,1588 764,1551 657,1590 609,1554 534,1581 454,1533 297,1563"/>
                <Baseline points="310,1605 340,1605 371,1605 401,1605 432,1605 463,1607 493,1608 524,1608 554,1608 585,1607 616,1606 646,1608 677,1608 707,1608 738,1608 769,1606 799,1605 830,1605 860,1603 891,1600 922,1596"/>
                <TextEquiv>
                    <Unicode>des Jahres stattfinden.</Unicode>
                </TextEquiv>
            </TextLine>
            <TextLine id="tr_1_tl_13" custom="readingOrder {index:12;}">
                <Coords points="871,1809 903,1804 926,1820 960,1811 974,1820 1013,1798 1031,1798 1038,1656 999,1661 972,1686 912,1690 897,1674 876,1677"/>
                <Baseline points="886,1790 911,1790 936,1790 962,1790 987,1790 1012,1787 1038,1784"/>
                <TextEquiv>
                    <Unicode>20</Unicode>
                </TextEquiv>
            </TextLine>
            <TextLine id="tr_1_tl_14" custom="readingOrder {index:13;}">
                <Coords points="267,1946 782,1893 2039,1928 2039,1798 1700,1830 1574,1750 1366,1848 267,1779"/>
                <Baseline points="280,1880 368,1883 456,1886 544,1886 632,1886 721,1886 809,1886 897,1886 985,1886 1073,1889 1162,1888 1250,1893 1338,1890 1426,1889 1514,1889 1603,1887 1691,1889 1779,1886 1867,1885 1955,1886 2044,1886"/>
                <TextEquiv>
                    <Unicode>Unveränderlich sind die Artikel 2. 3. 4. C. 78. 1315. und dieser</Unicode>
                </TextEquiv>
            </TextLine>
            <TextLine id="tr_1_tl_15" custom="readingOrder {index:14;}">
                <Coords points="287,2003 983,1982 1225,2044 1446,1982 1531,2042 1604,1992 1884,2033 2076,1980 2062,1893 1458,1937 1145,1891 780,1948 591,1889 513,1939 287,1934"/>
                <Baseline points="301,1975 394,1978 488,1981 581,1978 675,1978 769,1978 862,1978 956,1975 1050,1978 1143,1978 1237,1977 1330,1972 1424,1975 1518,1975 1611,1975 1705,1975 1799,1975 1892,1978 1986,1975 2080,1969"/>
                <TextEquiv>
                    <Unicode>20te wieder den Sinn der Ordnung soll nichts bestim̅t werden</Unicode>
                </TextEquiv>
            </TextLine>
            <TextLine id="tr_1_tl_16" custom="readingOrder {index:15;}">
                <Coords points="1777,2074 1832,2071 1903,2090 1966,2067 2008,2074 2008,2037 1980,2028 1925,2042 1903,2026 1875,2039 1839,2008 1830,2017 1777,2017"/>
                <Baseline points="1790,2059 1818,2063 1846,2065 1874,2065 1902,2065 1930,2065 1958,2065 1986,2065 2014,2065"/>
                <TextEquiv>
                    <Unicode></Unicode>
                </TextEquiv>
            </TextLine>
            <TextLine id="tr_1_tl_17" custom="readingOrder {index:16;}">
                <Coords points="287,2080 354,2122 550,2071 671,2131 849,2135 1097,2074 1305,2126 1734,2096 1734,2023 1604,1992 1528,2042 1408,1987 1255,2046 1029,1998 924,2037 461,1985 287,2014"/>
                <Baseline points="301,2068 372,2068 444,2068 516,2068 588,2067 660,2065 732,2068 804,2068 876,2066 948,2065 1020,2065 1091,2065 1163,2065 1235,2065 1307,2063 1379,2065 1451,2068 1523,2065 1595,2062 1667,2062 1739,2059"/>
                <TextEquiv>
                    <Unicode>es sei denn die Gemeinde in allen Gliedern dafür. Amen.</Unicode>
                </TextEquiv>
            </TextLine>
        </TextRegion>
        <TextRegion orientation="0.0" id="tr_2" custom="readingOrder {index:1;}">
            <Coords points="2139,49 2139,205 2238,205 2238,49"/>
            <TextLine id="tr_2_tl_1" custom="readingOrder {index:0;}">
                <Coords points="2128,151 2142,151 2156,162 2172,151 2188,153 2201,167 2213,169 2233,160 2224,23 2201,30 2183,21 2165,32 2147,27 2119,32"/>
                <Baseline points="2139,149 2172,151 2205,153 2238,155"/>
                <TextEquiv>
                    <Unicode>12</Unicode>
                </TextEquiv>
            </TextLine>
        </TextRegion>
    </Page>
</PcGts>
