2261 3626
532 357 1144 532 Gemeindebeschlüsse.
284 460 1937 610 Beschlossen: daß ein jedes von außerter zur Gemeinde
304 565 2013 719 tretende Glied wenigsten 5 Thaler zur Gemeindekasse be-
293 648 2084 789 zahlen soll, dabei aber das Wann und das Wie der bezahl-
335 735 2071 900 ung der Kirchenrath überlassen bleibt, je nach es demsel-
335 820 2057 996 ben am bequemsten, und auch für den Zahler am leichtesten
322 936 561 1074 erscheint
319 994 2039 1159 Sind aber die Eintretenden vermögendliche Leute, so wer-
322 1083 2008 1249 den sie von selbst, da sie Kirche und Kircheneigenthum vor-
348 1193 1403 1336 finden, freiwillig mehr bezahlen.
500 1383 1597 1606 Congregational Resolutions
366 1512 2080 1733 Resolved that from outside of the compregation
328 1624 1999 1829 coming members pay at least $5.00 to
482 1713 2037 1912 congregational Treasury, but the when
337 1803 458 1905 the
346 1832 2102 2046 and how of the payment is to be left up to
324 1908 1997 2104 the Church Council as is convenient to
351 2073 2001 2218 them and easiest to the gerning member
420 2140 2075 2321 Are the coming members people of property
357 2232 2071 2433 they will voluntarily give more, since they
520 2343 2026 2553 feining an established congregation
364 2390 494 2538 art
357 2475 1293 2672 with Church property
