2225 3650
2 192 167 311 Nr. 1.
286 215 1643 396 † Johans Heinrich Wilhelm Carl Grote †
188 325 2021 526 Sohn von Heinrich Grote und Sophie geboren Barnekamp geb.
179 467 2010 613 den 4 November 1823 in Jenhorst Amt Stolzen Königreich Hanover, get:
181 561 2005 696 den 3 November 1823 in der ev. luth. Kirche zu Neundvif von Pastor
192 648 2032 762 Müller confirmirt um Ostern 1837 von Past. Lindemann ausgewen¬
190 735 2021 883 dert nach den Ver. St. v. N. A. den 8 Sept. 1849, gelandet in New-
204 833 2005 968 Jork den 20 Nov. s. J., und nach dem er dort wie aŭch in Fort-
213 909 2007 1055 Wayne und in Preeple Ton. Adams Ev. Ind. eine Zeitlang ge-
185 1002 1994 1158 arbeitet hatte verheirathete er sich den 11 Juni 1852 mit Jungfrau Caro-
188 1094 1945 1222 line Philippine Dorathea Krückeberg dahier (siehe die vorige
199 1199 1959 1318 Seite Kind 1) und ließ sich zu derselben Zeit in dieser Gemeinde
199 1279 2005 1392 nieder, der er sich auch also bald anschluß. Kinder dieser Ehe sind:
320 1357 2010 1492 Carl Heinrich Christian geboren den 26 Febr. und getauft
298 1446 1966 1586 den 12 März d. s. Jahrs 1853. Taufpathen: Heinrich Krückeberg
304 1538 1016 1666 und Christian Bleeke.
320 1632 1996 1758 Caroline Christine Sophie geb. den 9 April und getauft
304 1721 2007 1856 den 29 April 1855. Taufpathen: Caroline Grote, Philippi-
298 1808 1295 1932 ne Krückeberg, Leonore Bleeke.
201 1886 293 2042 3
320 1909 1989 2030 Caroline Christini geb: den 11 Sept. und get: den 4 Oct.
298 1991 1991 2142 tober 1857. Taupathen: Christine Kränkeberg und Philip-
304 2078 845 2209 pine Schamerloh.
316 2161 1991 2307 Carl Wilhelm Christian geb: den 15 Sept und get: den
307 2257 1994 2383 6 October 1860. Taufpathen: Carl Nürge und Christian
311 2332 1593 2444 Schamerloh. Gestorben den 2 Januar 1862
320 2421 2003 2541 Wilhelmine Louise geb: den 23 Sept und get: den 12 Oct.
300 2541 1975 2657 tober 1862. Taufpathen: Wilhelmine Nürge und Wil¬
304 2602 893 2721 helmine Weiland.
334 2689 2003 2824 Wilhelmine Christine geb: den 12 März und getauft
1712 2783 1984 2907 Weiland
311 2785 1671 2925 den 20 März 1865. Taufpathen: Wilhelmine
298 2870 1149 3017 und Caroline Schamerloh.
2046 18 2161 160 e
