2214 3621
57 11 206 140 3400
446 197 1581 387 Conrad Dietrich Ferdinand Reinking †
201 328 1977 495 Sohn von Georg Wilhelm Reinking und Maria Louise geboren Tocht
201 480 1989 568 maien, geboren in Hävern Gemeinde Windheim Amt Petershagen
201 550 2011 670 Kreis Minden Königreich Preusen den 8 Januar und getauft den
213 640 1953 765 14 Januar 1827, confirmirt um Ostern 1841 von Pastor Köhn
201 722 1968 833 Seine Taufpathen sind: Conrad Reinking und Dietrich Blerme
210 808 2018 955 Den 5 April 1844 wanderte er mit seinen Eltern aŭs nach den Ver-
210 912 2011 1014 einigten Staaten von Nord-Amerika wo selbst sie den 18 Mai in Nen-
210 1000 2027 1140 Orleag ankamen, von da ging er mit ihnen nach Illicnais und nach dem
213 1100 1977 1195 er dort und in St. Louis Mo. 4 Jahre lang gewohnt zog er nach
213 1163 2032 1303 Preeple Tow. Adams Co. Ind, im Jahre 1853 ließ er sich in hiesiger
219 1244 2036 1407 Gemeinde nieder, der er sich alsobald anschluß, und verheirathete
210 1346 1980 1480 sich den 26 December 1853 mit Jungfrau Maria Louise Eleonore
229 1437 2025 1536 Bleche, sie bentes Kind von Johann Heinrich Bleeke und Anna
222 1536 2034 1665 Margaretha geb. Volkening (siehe Seite 31 Kind No 7.) Kinder die¬
219 1627 559 1751 ser Ehe sind:
249 1683 2018 1824 1. Mathilde Christine Louise gab: den 5 October geb. den 5 November 1854.
333 1785 1735 1930 Taufpathen Christine Blecke und Louise Reinking
342 1887 2014 2007 Heinrich Christian Wilhelm geb: den 18 Febr. und getauft den
328 1962 2029 2109 2 März 1856. Pathen Wilhelm Reinking, Joh. Heinrich Bleeke und
317 2059 792 2190 Christian Bleeke.
328 2161 2036 2285 Christine Emilie geb: den 7 März und getauft den 28 Märtz 1858, gest.
333 2242 1138 2367 den 14 April desselben Jahres.
342 2310 1946 2421 Christine Maria geb: den 5 May und get: den 24 May 1859.
339 2398 1629 2534 Taufgatten: Maria Blecke, Christine Heikmann.
346 2489 1984 2586 Wilhelmine Christine geb: den 20 April und get: den 5 May 1861.
342 2572 2005 2688 Pathen: Wilhelmine Reinking, Sophie Hekmann u. Maria Bleeke.
333 2658 2039 2776 Caroline Christine Elisabeth geb: den 13 Januar u. zit. den 25
328 2751 2039 2871 Januar 1863. Pathen Caroline Grote u. Elisabeth Bibelheimer.
342 2842 2020 2948 Maria Sophia Helena geb. den 12 September und getauft
339 2923 2000 3050 den 25 September 1864. Pathen Bernhardine Koldewey
321 3014 1183 3163 und Maria Carolina Bleeke
2018 122 2138 283 N° 4
