2225 3614
41 14 147 161 36.
525 200 1243 376 Johann Andreas Thieme.
211 358 2016 507 Sohn von Johann Andreas Thieme und Johanne Rosine geb. Haugh.
213 466 2057 606 geboren den 2 Januar und getauft im selben Monat 1833: zu Wieder¬
216 557 2025 709 Franken bei Seitham Königreich Sachsen. Getauft in der ev. luth-
216 651 2030 782 Kirche zu Wiederfvanken, desgleichen auch confirmirt in derselben
222 736 1998 872 Kirche von Past. Voigt um Michaelis 1846. Seine Taufgathen
222 821 2009 956 waren Gotthelf Hammer und Friedrich August Haugh. Er
229 929 2039 1044 wanderte aus nach den Vereinigten Staaten von Nord-Amerika
236 998 2019 1154 im August 1855, und kam am 28 September deselben Jahrs in
225 1094 2037 1200 Fort-Wayne Ind. an, nach dem er daselbst etwa vier Wochen ge-
225 1184 2016 1289 arbeitet kam er hier her in hiesige Gemeinde der er sich aŭch
234 1250 1980 1376 alsobald anschluß. Am 31. Mai 1857 verheirathete er sich hieselbst mit
232 1351 1950 1486 Jŭngfrau Christine Sophie Eleonore Krückebergt die zweite Tochter von
225 1411 2048 1571 Johann Heinrich Krückeberg und Caroline Sophie geboren Weyland (Sün¬
234 1528 1477 1656 che Seite 32 Kind No 2.) Kinder dieser Ehe sind:
289 1626 2009 1739 1. Johann Fridrich geboren den 1. October und getauft den 10
356 1690 2035 1796 October 1858. Seine Taufgatten sind: Johann Gottlieb Thieme
369 1789 1216 1931 und Heinrich Krückeberg.
372 1867 2000 2037 Fridrich Wilhelm geboren den 16 Juli und getauft den 29
388 1970 1996 2092 Juli 1860. Seine Taufpathen sind: Wilhelm Weiland und
395 2064 881 2188 Carl Krückeberg
411 2135 2035 2271 Caroline Sophie Louise geboren den 18 Februar und ge¬
392 2236 1966 2365 tauft den 2 März 1862. Ihre Taufpathen sind Caroline
401 2324 1204 2447 Grote und Sophie Thieme.
415 2386 2007 2539 Christine Maria geboren den 23 Januar und getauft
406 2493 2044 2601 den 7 Februar 1864. Ihre Taufgathen sind: Phölippine Ca-
411 2580 1583 2691 voline Schamerloh und Maria Blieke
399 2670 2051 2789 Caroline Philippine geboren den 20 October und getauft.
408 2755 2009 2908 den 29 October 1865. Ihre Taufgathen sind: Philippine
447 2842 1856 2961 Weyland und Philippine Christine Koldewey.
2062 193 2177 319 M
