2213 3650
2010 0 2119 109 37
391 190 1351 379 Carl Fridrich Wilhelm Bleeke.
182 325 1979 505 Dritter Sohn von Johann Heinrich Philipp Blocke und Christi¬
166 455 2071 609 ne Marie geb. Schwier geb: den 30 November und getauft den 4 November 3
173 538 1998 680 1825. (siehe Seite 31 Kind 4) Er verheirathete sich hieselbst mit Maria
178 647 1929 780 Bibelheimer eine Tochter von David Daniel Bibelheimer und
175 730 1936 848 Maria geb. Zähner, geboren in Wespen Jow. Schulkil Ev. Pa.
173 820 1929 920 den 12 December 1833 getauft den 1 Januar 1834, Taufgatten:
175 915 1972 1045 David Werdmann und dessen Frau Catharina, confirmirt von
190 995 1941 1119 Pastor Fritze den 28 July 1852, copulirt von demselben den 26
173 1107 1394 1218 December 1853. Kinder dieser Ehe sind:
206 1204 1984 1299 1. Fridrich Wilhelm geb: den 13. April und get: den 29 April
284 1266 1917 1396 1855. Pathen: Johann Heinrich Bleeke, Christian Fridrich
292 1351 1308 1481 Bleeke und Wilhelm Herkmann.
201 1443 1955 1548 2. Maria Christine Caroline geb. den 4. Decemb. und getauft
292 1548 1941 1635 den 7 Decemb. 1856. Pathen Maria Louise Eleonore Reinking
292 1616 1735 1723 und Caroline Scheumann, gest. den 18 Octob. 1857.
296 1704 1977 1837 Maria Louise geb: den 4. März und gut: den 28 Märn 1858.
294 1789 1775 1924 Pathen: Maria Bibelheimer und Sophie Heckmann.
296 1896 1988 1998 Caroline Elisabeth geb: den 1. Novemb. und getauft den 20 Nov.
284 1977 1808 2114 1859. Pathen Elisabeth Bibelheimer und Maria Bleeke.
301 2069 1984 2178 Christine Emilie geb: den 8 September und get: den 29 Sept. 1861.
313 2152 2007 2282 Pathen: Christine Maria Heckmann und Caroline Scheumann.
303 2237 2024 2384 Christian Eduard geb: den 5 Novemb. und get: den 29 Nov. 1863.
308 2327 1996 2479 Pathen: Chr. Fridrich Bleeke David Daniel Bibelhamer und
313 2429 822 2550 Carl Heckmann.
313 2493 1974 2614 Henriette Helene geb: den 29 October und getauft den 12
292 2616 1974 2718 November 1865. Pathen: Louise Maria Eleonore Rein-
303 2683 1420 2832 king und Henriette Schnellenberger.
