<?xml version="1.0" encoding="UTF-8" standalone="yes"?>
<PcGts xmlns="http://schema.primaresearch.org/PAGE/gts/pagecontent/2013-07-15" xmlns:xsi="http://www.w3.org/2001/XMLSchema-instance" xsi:schemaLocation="http://schema.primaresearch.org/PAGE/gts/pagecontent/2013-07-15 http://schema.primaresearch.org/PAGE/gts/pagecontent/2013-07-15/pagecontent.xsd">
    <Metadata>
        <Creator>prov=READ-COOP:name=TrHtr:version=2.27.0:model_id=309593:date=08_06_2025_21:29</Creator>
        <Created>2025-06-08T18:52:52.677+02:00</Created>
        <LastChange>2025-06-08T21:29:21.938+02:00</LastChange>
    </Metadata>
    <Page imageFilename="0021_0024_gray_sigmoid1050.jpg" imageWidth="2183" imageHeight="3596">
        <ReadingOrder>
            <OrderedGroup id="ro_1750185953253" caption="Regions reading order">
                <RegionRefIndexed index="0" regionRef="tr_1"/>
                <RegionRefIndexed index="1" regionRef="tr_2"/>
            </OrderedGroup>
        </ReadingOrder>
        <TextRegion orientation="0.0" id="tr_1" custom="readingOrder {index:0;}">
            <Coords points="107,0 107,136 215,136 215,0"/>
            <TextLine id="tr_1_tl_1" custom="readingOrder {index:0;}">
                <Coords points="97,101 108,101 129,113 145,92 152,92 186,120 212,115 200,0 87,0"/>
                <Baseline points="107,77 134,79 161,81 188,85 215,86"/>
                <TextEquiv>
                    <Unicode>38.</Unicode>
                </TextEquiv>
            </TextLine>
        </TextRegion>
        <TextRegion orientation="0.0" id="tr_2" custom="readingOrder {index:1;}">
            <Coords points="244,243 244,2149 2090,2149 2090,243"/>
            <TextLine id="tr_2_tl_1" custom="readingOrder {index:0;}">
                <Coords points="440,331 1487,324 1569,357 1627,334 1625,212 1454,239 1335,168 1187,219 983,191 838,244 697,182 647,216 520,170 437,191"/>
                <Baseline points="453,289 512,289 571,291 630,289 689,290 748,292 807,292 866,292 925,290 984,289 1043,289 1102,289 1161,291 1220,292 1279,292 1338,292 1397,295 1456,294 1515,294 1574,295 1633,298"/>
                <TextEquiv>
                    <Unicode>Carl Heinrich Wilhelm Krückeberg</Unicode>
                </TextEquiv>
            </TextLine>
            <TextLine id="tr_2_tl_2" custom="readingOrder {index:1;}">
                <Coords points="237,511 364,442 1204,488 1337,444 1744,490 2087,456 2060,364 1751,322 1613,394 1434,347 1222,403 957,350 237,352"/>
                <Baseline points="250,427 342,430 434,433 526,433 618,433 710,433 802,433 894,433 986,434 1078,436 1170,436 1262,439 1354,436 1446,436 1538,439 1630,439 1722,439 1814,436 1906,436 1998,436 2090,436"/>
                <TextEquiv>
                    <Unicode>Sohn von Carl Gottlieb Krückeberg und Doratkea geb: Weiland</Unicode>
                </TextEquiv>
            </TextLine>
            <TextLine id="tr_2_tl_3" custom="readingOrder {index:2;}">
                <Coords points="237,562 1298,536 1411,585 1563,538 1754,582 2055,548 2055,488 1015,446 801,495 688,446 451,495 347,449 237,513"/>
                <Baseline points="250,528 340,528 431,528 521,528 612,528 702,528 793,528 883,528 974,528 1064,531 1155,528 1245,529 1336,531 1426,532 1517,531 1607,531 1698,531 1788,533 1879,531 1969,532 2060,534"/>
                <TextEquiv>
                    <Unicode>geboren in Bernbusch Amt Bückeburg Fürstenthum Schaum-</Unicode>
                </TextEquiv>
            </TextLine>
            <TextLine id="tr_2_tl_4" custom="readingOrder {index:3;}">
                <Coords points="246,647 2039,642 2039,555 1632,596 1185,548 1015,596 861,536 566,534 246,582"/>
                <Baseline points="259,618 348,615 437,618 526,618 616,618 705,621 794,621 884,618 973,621 1062,621 1152,624 1241,624 1330,624 1419,621 1509,624 1598,621 1687,621 1777,621 1866,621 1955,621 2045,624"/>
                <TextEquiv>
                    <Unicode>burg-Lippe den 1 Februar und getauft im selben Monat 1835,</Unicode>
                </TextEquiv>
            </TextLine>
            <TextLine id="tr_2_tl_5" custom="readingOrder {index:4;}">
                <Coords points="237,739 2041,746 2041,642 1291,686 1100,626 805,674 695,631 237,651"/>
                <Baseline points="250,710 339,707 429,707 519,710 609,710 698,710 788,713 878,710 968,713 1057,713 1147,713 1237,713 1327,713 1416,716 1506,713 1596,713 1686,713 1775,713 1865,713 1955,713 2045,716"/>
                <TextEquiv>
                    <Unicode>confirmirt am Sonntage Palmarum 1849 von Pastor Schwert¬</Unicode>
                </TextEquiv>
            </TextLine>
            <TextLine id="tr_2_tl_6" custom="readingOrder {index:5;}">
                <Coords points="232,805 479,851 621,801 1019,805 1125,854 1183,810 1494,851 1546,805 2014,810 2014,757 1922,729 1365,771 232,732"/>
                <Baseline points="244,794 332,794 421,797 510,794 599,797 687,797 776,797 865,797 954,800 1042,799 1131,799 1220,800 1309,799 1397,800 1486,801 1575,801 1664,800 1752,800 1841,800 1930,795 2019,797"/>
                <TextEquiv>
                    <Unicode>mann. Er wanderte mit seinen Eltern aus nach den Vereinigten</Unicode>
                </TextEquiv>
            </TextLine>
            <TextLine id="tr_2_tl_7" custom="readingOrder {index:6;}">
                <Coords points="237,884 2020,925 2020,808 1362,858 237,805"/>
                <Baseline points="250,881 338,881 427,884 516,887 605,884 694,887 783,887 871,890 960,890 1049,888 1138,887 1227,890 1316,890 1405,890 1493,890 1582,891 1671,890 1760,890 1849,888 1938,887 2027,887"/>
                <TextEquiv>
                    <Unicode>Staaten von N. A. den 1 October 1850, und kam an in Fort-</Unicode>
                </TextEquiv>
            </TextLine>
            <TextLine id="tr_2_tl_8" custom="readingOrder {index:7;}">
                <Coords points="249,1022 706,976 2046,1006 2044,927 246,911"/>
                <Baseline points="262,970 351,970 440,973 530,973 619,970 709,973 798,973 888,973 977,970 1067,973 1156,973 1245,973 1335,973 1424,973 1514,976 1603,976 1693,976 1782,976 1872,976 1961,976 2051,979"/>
                <TextEquiv>
                    <Unicode>Warzne Ind. den 26 November desselben Jahres + verheirathete sich</Unicode>
                </TextEquiv>
            </TextLine>
            <TextLine id="tr_2_tl_9" custom="readingOrder {index:8;}">
                <Coords points="239,1107 311,1068 481,1112 571,1068 2060,1093 2030,1022 1760,987 1367,1024 1312,980 709,978 239,1031"/>
                <Baseline points="253,1063 343,1063 434,1060 524,1063 615,1063 706,1063 796,1063 887,1063 978,1064 1068,1065 1159,1063 1250,1063 1340,1063 1431,1064 1522,1064 1612,1063 1703,1063 1794,1063 1884,1063 1975,1063 2066,1066"/>
                <TextEquiv>
                    <Unicode>mit Jungfrau Caroline Wilhelmine Kleinschmidt den 28 Januar</Unicode>
                </TextEquiv>
            </TextLine>
            <TextLine id="tr_2_tl_10" custom="readingOrder {index:9;}">
                <Coords points="253,1167 1908,1174 1878,1077 253,1116"/>
                <Baseline points="265,1152 347,1151 429,1149 512,1151 594,1149 677,1150 759,1149 842,1149 924,1151 1007,1152 1089,1155 1171,1152 1254,1155 1336,1155 1419,1154 1501,1152 1584,1152 1666,1149 1749,1149 1831,1152 1914,1155"/>
                <TextEquiv>
                    <Unicode>1860. einen Tochter von Christian Kleinschmiett und Sophie geb.</Unicode>
                </TextEquiv>
            </TextLine>
            <TextLine id="tr_2_tl_11" custom="readingOrder {index:10;}">
                <Coords points="249,1275 2014,1247 2014,1181 1928,1164 1816,1204 1705,1160 249,1181"/>
                <Baseline points="262,1236 349,1239 437,1239 525,1236 613,1236 701,1239 789,1239 876,1237 964,1238 1052,1239 1140,1239 1228,1239 1316,1239 1404,1239 1491,1239 1579,1240 1667,1242 1755,1242 1843,1240 1931,1239 2019,1239"/>
                <TextEquiv>
                    <Unicode>geb: den 13 Sept 1834 in Groten-Hirse Amt Petershagen Kreis Minden</Unicode>
                </TextEquiv>
            </TextLine>
            <TextLine id="tr_2_tl_12" custom="readingOrder {index:11;}">
                <Coords points="239,1369 1956,1339 1832,1263 1503,1305 1385,1247 239,1282"/>
                <Baseline points="253,1326 338,1323 423,1323 509,1323 594,1323 680,1325 765,1325 851,1323 936,1323 1022,1323 1107,1323 1192,1324 1278,1326 1363,1326 1449,1329 1534,1329 1620,1329 1705,1329 1791,1329 1876,1326 1962,1323"/>
                <TextEquiv>
                    <Unicode>Königr. Preusen, confirmirt am Sonntage Palmarum 18 von Pastor</Unicode>
                </TextEquiv>
            </TextLine>
            <TextLine id="tr_2_tl_13" custom="readingOrder {index:12;}">
                <Coords points="239,1422 2025,1445 2025,1337 1620,1395 1480,1339 1238,1385 1146,1339 239,1369"/>
                <Baseline points="253,1412 341,1409 430,1412 519,1412 608,1412 697,1412 786,1412 874,1412 963,1412 1052,1414 1141,1415 1230,1415 1319,1415 1408,1416 1496,1415 1585,1418 1674,1418 1763,1417 1852,1418 1941,1414 2030,1415"/>
                <TextEquiv>
                    <Unicode>Jäbker in Preeble Tsw. Adams Co. Inst. und getauft in der evanz. Kirche</Unicode>
                </TextEquiv>
            </TextLine>
            <TextLine id="tr_2_tl_14" custom="readingOrder {index:13;}">
                <Coords points="237,1526 1512,1528 1512,1438 874,1457 824,1422 490,1461 237,1420"/>
                <Baseline points="250,1496 313,1494 376,1498 440,1499 503,1499 566,1499 630,1499 693,1499 756,1498 820,1498 883,1499 946,1499 1010,1502 1073,1502 1136,1502 1200,1501 1263,1501 1326,1502 1390,1499 1453,1499 1517,1502"/>
                <TextEquiv>
                    <Unicode>Bachholz von Paf: Köhn. Kinder dieser Ehe sind:</Unicode>
                </TextEquiv>
            </TextLine>
            <TextLine id="tr_2_tl_15" custom="readingOrder {index:14;}">
                <Coords points="352,1606 2057,1599 2057,1540 1855,1514 1645,1565 1411,1517 352,1530"/>
                <Baseline points="364,1585 453,1591 542,1588 632,1588 721,1588 811,1585 900,1585 989,1588 1079,1588 1168,1588 1258,1591 1347,1588 1437,1588 1526,1591 1615,1594 1705,1594 1794,1591 1884,1591 1973,1591 2063,1591"/>
                <TextEquiv>
                    <Unicode>Fridrich Christian Wilhelm geb. den 30 Sept. und get. den 6 October</Unicode>
                </TextEquiv>
            </TextLine>
            <TextLine id="tr_2_tl_16" custom="readingOrder {index:15;}">
                <Coords points="352,1696 2060,1687 2060,1627 838,1602 750,1643 541,1604 352,1657"/>
                <Baseline points="364,1675 449,1672 534,1675 619,1672 704,1675 789,1675 874,1675 959,1675 1044,1677 1129,1675 1215,1675 1300,1678 1385,1678 1470,1681 1555,1679 1640,1678 1725,1678 1810,1678 1895,1681 1980,1678 2066,1678"/>
                <TextEquiv>
                    <Unicode>1860. Taufpathen: Wilhelm Schamerloh und Christian Kleinschmidt</Unicode>
                </TextEquiv>
            </TextLine>
            <TextLine id="tr_2_tl_17" custom="readingOrder {index:16;}">
                <Coords points="361,1800 557,1767 1747,1804 1926,1790 1926,1724 359,1701"/>
                <Baseline points="373,1759 455,1765 537,1762 619,1762 701,1763 783,1765 865,1765 947,1764 1029,1765 1111,1765 1193,1765 1275,1765 1357,1765 1439,1768 1521,1767 1603,1768 1685,1768 1767,1768 1849,1768 1932,1771"/>
                <TextEquiv>
                    <Unicode>Sophie Louise geb: den 2 Juli und get: den 14 Juli 1862.</Unicode>
                </TextEquiv>
            </TextLine>
            <TextLine id="tr_2_tl_18" custom="readingOrder {index:17;}">
                <Coords points="373,1887 1088,1869 1222,1915 1275,1878 1721,1873 1721,1809 1588,1781 1475,1829 1360,1779 1158,1832 897,1779 776,1818 624,1772 534,1823 373,1786"/>
                <Baseline points="385,1860 452,1857 519,1857 586,1860 653,1857 720,1860 787,1860 854,1858 921,1860 988,1860 1055,1860 1122,1863 1189,1860 1256,1861 1323,1863 1390,1860 1457,1863 1524,1860 1591,1860 1658,1863 1726,1866"/>
                <TextEquiv>
                    <Unicode>Pathen: Philippine Schamerloh und Sophie Buuck.</Unicode>
                </TextEquiv>
            </TextLine>
            <TextLine id="tr_2_tl_19" custom="readingOrder {index:18;}">
                <Coords points="262,1977 274,1977 281,1984 301,1988 311,1981 318,1986 327,1979 341,1981 341,1885 327,1885 320,1878 304,1878 278,1859 262,1859"/>
                <Baseline points="274,1950 310,1950 346,1950"/>
                <TextEquiv>
                    <Unicode>3.</Unicode>
                </TextEquiv>
            </TextLine>
            <TextLine id="tr_2_tl_20" custom="readingOrder {index:19;}">
                <Coords points="361,1954 1100,2002 1250,1958 2027,1972 2027,1903 1876,1933 1735,1882 361,1899"/>
                <Baseline points="373,1950 456,1950 539,1952 622,1953 705,1952 788,1950 871,1953 954,1950 1037,1952 1120,1953 1203,1953 1286,1953 1369,1953 1452,1953 1535,1956 1618,1956 1701,1956 1784,1958 1867,1958 1950,1956 2033,1956"/>
                <TextEquiv>
                    <Unicode>Louise Wilhelmine Sophie geb: den 10 Juli 1864 und getauft</Unicode>
                </TextEquiv>
            </TextLine>
            <TextLine id="tr_2_tl_21" custom="readingOrder {index:20;}">
                <Coords points="345,2053 861,2092 930,2046 1915,2055 1885,1986 1680,1965 1105,2007 345,1961"/>
                <Baseline points="358,2036 436,2036 514,2036 592,2038 670,2039 748,2037 826,2039 904,2039 982,2039 1060,2039 1139,2039 1217,2042 1295,2039 1373,2039 1451,2040 1529,2042 1607,2042 1685,2042 1763,2042 1841,2042 1920,2045"/>
                <TextEquiv>
                    <Unicode>den 17 Juli d. J. Pathen: Caroline Schamerlop und Emma</Unicode>
                </TextEquiv>
            </TextLine>
            <TextLine id="tr_2_tl_22" custom="readingOrder {index:21;}">
                <Coords points="357,2133 380,2140 394,2133 412,2152 428,2140 456,2161 472,2152 520,2161 520,2057 469,2044 451,2048 440,2060 419,2060 398,2078 387,2071 357,2078"/>
                <Baseline points="370,2126 395,2124 421,2123 447,2123 473,2124 499,2126 525,2126"/>
                <TextEquiv>
                    <Unicode>Belz</Unicode>
                </TextEquiv>
            </TextLine>
        </TextRegion>
    </Page>
</PcGts>
