2171 3578
1910 191 2046 320 N° 10.
458 211 1214 390 Christian Fridrich Blecke
46 332 1905 509 zweiter Sohn von Johann Heinrich Philipp Bleeke und Christine Ma¬
63 477 1898 620 rie geb. Schwier, geb: den 7 May u. get. den 13 May 1821. (siehe Seite 31 Kind
68 599 1869 693 Nr. 2.) Er verheirathete sich den 9 August 1849 mit Jungfrau Louise Valsing
63 662 2012 766 eine Richter von Fridrich Valsing und seiner Ehefrau Louise geb. (bei der
1777 744 1995 812 Monsieur le Président
73 756 1891 892 den 28 Juli 1833, und ges: den August 1833. Geb. in Loh Kreis Minden
70 839 1185 970 Königreich Preusen. Kinder dieser Ehe sind:
99 931 1866 1059 Marie Louise geb: den 14 November u. gut: den 8 December 1850, Pathen.
177 1006 1289 1132 Wilhelmine Zwick und Sophie Heckmann,
177 1103 1878 1236 Sophie Louise geb. den 27 März u. get: den 28 Märn 1853. Pathen: Chri¬
177 1185 1522 1297 stine Bleeke, Christine E. Bleeke u. Louise Valsing.
1716 1275 1881 1408 Pathen:
95 1302 1706 1411 3. Johann Heinrich geb. den 17 Februar u. geb: den 25 Febuar 1855
167 1352 1391 1491 Johann Heinrich Bleeke und Friedrich Valsing.
177 1464 1878 1566 Im Jahre darauf 1856 den 28. November ging die Mutter dieser Kinder
70 1542 1898 1687 nach kurzem Leiden am Nervenfieber ein zu ihres HErrn Freude. Im Jah¬
61 1634 1883 1769 re 1858 den 8 April verheirathete genannter Chr. Fr. Bleeke sich zum an¬
75 1714 1689 1844 dere Male mit Jungfrau Anna Maria Rup eine Tochter von
957 1762 2029 1956 geb. den 11. Sept. 1833 u. gut. 7.26 Nov. 1898
63 1815 332 1956 Rup und
596 1844 710 1954 geb.
366 1915 880 2026 Cd. Ohio. confirmirt
68 1934 175 2063 in
107 1990 1903 2094 1. Christine Elise geb: den 10 Februar u. gut: den 27 Febr. 1859. Pathen Elisa¬
187 2077 1626 2206 beth Rup u. Christine Heckmann, gest. den 6 April 1861.
102 2169 1871 2303 2. Maria Elive geb: den 23. Juni u. gut den 8 Juli 1860. Pathen: Maria
194 2254 897 2395 Reinking und Sahra Rup.
204 2339 1878 2482 Carl Fridrich geb: den 1 Oktober und get: den 9 Okrober 1861. Pathen:
194 2433 1636 2550 Carl Fridrich Wilhelm Bleeke Zwick u. Carl Heckmann
184 2535 1854 2632 Fridrich Wilhelm geb. den 2 Ocktober u. art. den 9 Oktober 1863.
172 2593 1721 2739 Pathen: C. Fridrich Wilhelm Bleeke u. Ferdinand Reinking.
97 2690 1866 2814 5. Johann Martin geb: den 27 Juli u. gut: den 13. September 1865.
191 2782 1457 2935 Pathen: Wilhelm Fells und Wilhelm Herkmann.
