2160 3632
432 221 1399 374 Carl Heinrich Ludwig Koldenay
133 335 1980 496 ehelicher Sohn von Johann Heinrich, Christoph Kolden aÿ und Sophie
131 471 1962 634 Marie Eleonore geborene Cordes, geboren zu Hausstedt König-
131 558 1960 675 reich Hanover den 31 März 1835, und getauft den 5 April 1835.
131 655 1879 790 Seine Taufgathen sind Carl Kemann, Ludwig Schröder und
142 749 1948 875 Gerhard Schröder. Er wurde confirmirt am Sonntage Palma-
136 832 1974 956 rum 1849, und wandere im Jahre 1856 aus nach den Vereinig¬
142 919 1948 1055 ten Staaten von Nerct-Amerika, wo selbst er den 29 Novemb.
145 1015 1964 1128 s. J. an kam, zog bald hierher und schloß sich dieser Gemeinde
136 1094 1948 1236 an. Er verheirathete sich den 10 Mai 1861 mit Jungfrau Louise
494 1183 758 1257 Hermann
138 1188 1944 1300 Sophie Wenkelmann eheliche Tochter von Johann Fridrich Win¬
142 1293 1934 1401 kelmann und Anna Maria Schpie geborene Tiemann, gebo¬
133 1358 1953 1464 ren zu Stemshorn Königreich Hanover den 21 October 1841
136 1447 1930 1583 und getauft den 31 October desselben Jahres, confirmirt
138 1542 255 1645 am
273 1532 1112 1675 Sonntage Palmarum 1855.
264 1620 988 1748 Kinder dieser Ehe sind:
358 1698 1944 1852 Friedrich Heinrich geboren den 9 Januar und getauft
237 1810 1939 1946 den 19 Januar 1862. Pathen: Johann Heinrich Bleeke und
244 1891 919 2024 Fridrich Koldewey.
250 1980 1872 2123 Emma Maria Catharina geboren den 23 December
237 2075 1893 2231 und getauft den 25 December 1862. Pathen: Maria
232 2162 1413 2295 Tiemann und Catharina Koldewey.
253 2235 1895 2383 Louise Maria geboren den 22 Januar und getauft
241 2334 1790 2490 den 28. Januar 1866. Pathen: Louise Wittfeld und
241 2428 710 2564 Maria Thile.
2003 0 2088 154 41
