2164 3596
49 35 156 142 72
2032 211 2127 300 N°1
692 200 1106 376 Jakob Stöhr.
211 348 2079 488 ehelicher Sohn von Friedrich Jakob Stöhr und Margaretha geb. Kein
211 455 2021 604 geboren in Konbach Reinlayern Königreich Bayern den 22t
214 553 1972 678 März 1830 getauft im selben Monat-Taufgathe Fridrich Stöhr!
204 641 2021 771 confirmirt am Palmensonntag 1843. Er wanderte aus mit seinen
228 739 2041 852 Eltern nach den Vereinigten Staaten von Nord-Amerika den
218 815 2041 950 4. Mai 1852 und kam an in Mansfield Ohio den 17 Juli 1852.
209 906 2032 1036 und nach dem er im Staate Opir 6 1/2 Jahre gewohnt ließ er sich in hin¬
209 1013 2014 1129 siger Gegend im Februar 1859 wieder woselbst er sich sagleich dieser
218 1087 2018 1203 Gemeinde anschluß. Er verheirathete sich den 19 Januar 1857. mit
223 1164 2048 1298 Elisabeth Mitteldorp. eine Tochter von Bernhard Mötteldorp
214 1245 2025 1368 und Gertraud geb Bechhold geb in Ruchholz Königreich Preusen
216 1347 1735 1456 den 22 Februar 1838 get im selben Monat. confirmirt
980 1435 2025 1556 Im Jahre 1845 wandern sie mit ihren
223 1528 1963 1658 Eltern aus nach den Vereinigten Staaten von Nord America.
