2102 3626
332 210 1271 389 Heinrich Jacob Rücklos (sen)
107 368 631 517 ehelicher Sohn von
1536 338 1696 487 geb.
839 370 1299 503 Rücklos und
107 462 1941 597 geboren in Rumbach Canton Dahn Rein-Pfalz Königreich
107 556 1877 684 Barren den 16 November und getauft im selben Monat
101 661 1916 759 1833, confirmirt am Sonntage Palmarum 1847. Im Früh¬
101 745 1916 846 ling des Jahrs 1856 wandere er aus nach den Vereinigten
101 844 1934 965 Staaten von Nord-America, und nach dem er noch einmal
110 912 1925 1056 seine alte Heimath 1859 besucht ŭnd im darauf folgendem Jah-
101 1027 1900 1113 re wieder hierhin zurückgekehrt war verheirathete er sich
123 1095 1927 1219 mit Jungfrau Friderike Dauer geboren in Berzabern
123 1177 1932 1321 Königreich Bazern den 17 May 1841, getauft im selben Mo¬
112 1267 1920 1401 nat 1841, confirmirt am Sonntage Palmarum 1855. Anno
114 1363 1806 1493 1860 kam sie nach America. Rieder dieser Ehe sind:
251 1456 1918 1594 Elisabetha geboren den 14 Juli und getauft den 18
226 1532 837 1664 Juli 1861. Pathen:
240 1587 1923 1726 Fridrich Jakob geboren den 2 May und getauft den
219 1708 953 1840 16 März 1864. Pathen:
