2035 3573
0 20 88 163 46
506 202 1497 381 Heinrich Jakob Rücklos (jún)
161 349 1981 517 ehelicher Sohn von Heinrich Jakob Rücklos und Elisabeth
177 447 1913 608 eine geborene Stöhr geboren in Rumbach Kanton Dahn
172 569 1958 697 Rein-Pfalz. Königreich Bayern den 28 Januar und getauft
179 644 1960 776 im darauf folgenden Monat 1842. Er wanderte aus mit sei-
175 737 1956 869 nen Eltern nach den Vereinigten Staaten von Nord-Amerika
170 819 1976 973 im May 1852, und verheirathete sich den 16 April 1863 mit
195 901 1974 1041 Jungfrau Anna Elisabeth Hoffmann geboren den 12 Juni
172 987 1974 1137 um getauft im selben Monat 1842. in Bärweiler Hessen
186 1075 1976 1216 Homburg. Ihre Eltern sind: Philipp Peter Hoffmann und Ma-
166 1159 1867 1286 ria Elisabeth eine geb. Wendel. Kinder dieser Ehe sind
216 1255 1953 1388 1. Ladwig Wilhelm geboren den 11 Januar und getauft der
284 1359 1960 1443 7. Februar 1864. Pathen: Johann, H. Bleeke und Georg
284 1427 703 1538 P. Germann.
