2106 3608
451 181 1383 342 Christian Dietrich Schamerloh.
179 317 1970 467 ehelicher Sohn des Colon Heinrich Christian Schamerloh und dessen
229 447 2000 558 hufvau Catharina Margaretha geb. Povs No 20 zu Berchholz für
186 517 1991 669 stenthum Schaumburg-Lippe, ist am 15 Februar 1831 geboren und
193 585 2018 710 am 20 Februar desselben Jahres getauft worden, confirmirt am Sonn-
197 680 2014 803 tage nach Ostern 1845. Er wandern aŭs noch den Vereinigten Staaten von
202 764 2023 914 Nord-Amerika den 6 May 1851, und kam in Fort-Wäyne Ind. an
1134 857 1519 934 Den 6te May 1852
202 866 2007 984 den 4 July 1851, verheirathete sich Ein hiesiger Gemeinde mit Caroli-
209 943 1955 1075 ne Philippe Sophie Krückebergt eine Tochter von Carl Gottlieb
202 1043 2018 1190 Krückeberg und Dorathea geb. Weiland geb: in Bernbussch Amt
215 1150 1995 1279 Bäckeburg Fürstenthum Schaumburg-Lippe den 8 September und
231 1200 1995 1363 get. den 13 September 1840, confirmirt am Sonntage Palmarum
220 1331 1059 1442 1854. Kinder dieser Ehe sind:
358 1360 2016 1512 Carl Fridrich Wilhelm geb: den 19 September und get: den 1 Or¬
349 1474 2023 1624 tober 1854. Pathen: Carl Dietrich Wilhelm Schamerloh und Carl
336 1590 1131 1694 Heinrich Wilhelm Krückeberg.
345 1676 2029 1794 Heinrich geb. den 2 May 1861, empfing die Nothtaufe und starb
338 1769 1354 1882 zwei Tage darauf den 4 May 1861.
354 1855 2027 1982 Caroline Wilhelmine Louise geb. den 18 März und gut: den
349 1934 2018 2057 23 März 1862. Pathen: Wilhelm Caroline Philippine. Schamerlo,
342 2025 1438 2163 und Caroline Wilhelmine Krückeberg.
361 2054 2041 2236 Heinrich Christian Wilhelm geb: den 26 September und gut: den
345 2190 1959 2326 4. Oktober 1863. Pathen: Heinrich Krückeberg und Wilhelm
361 2302 612 2413 Weiland.
279 2360 2014 2494 5. Caroline Sophie geb: den 25 Februar, und gut empfing die
351 2476 2023 2603 Nothtaufe und starb zwei Tage darauf den 27 Februar 1865.
