2164 3583
52 0 149 151 48,
2014 183 2154 298 No 15
618 201 1326 359 Abraham Steudler
246 347 2048 507 ehelicher Sohn von Jakob Steudler und Maria Elisabeth
264 449 1935 580 geborene Alexander geboren in Klingen Kanton
273 537 1973 686 Bergzabern, Königreich Bayern den 22 November und
282 634 2072 767 getauft im selben Monat 1831, confirmirt im März 1845.
277 749 2068 852 Er wanderte nun in dieses Land im März 1860, arbeitete
277 805 2045 952 anfangs in Ohio, zog alsdann hierher woselbst er sich als¬
295 886 1944 1040 bald der Gemeinen anschloß, und verheirathete sich mit
313 976 2048 1118 Jungfrau Maria Belz eine Tochter von Peter Belz und
307 1067 2052 1193 Elisabeth geb. Bibelheimer, geboren in West-Penn to.
307 1159 2120 1297 Staylkill Co. Pa. den 2 Juli 1838 confirmirt den 4 April
322 1238 1283 1346 1852 x den 30 December 1862,
