2267 3650
16 0 130 297 1912
340 208 1433 361 † Georg Conrad Wilhelm Reinking †
187 347 2002 473 Sohn von Johann Fridrich Conrad Reinking und Maria Eli-
183 459 2020 601 sabeth geb. Engelking geb: den 8 Juli 1796 und gut im selben
192 576 1995 690 Monat desselben Jahres. Geboren in Hävern Gemeinde Wied¬
199 640 1979 775 heim, Kreis Minden Königreich Preusen, seine Taufgatten
192 729 1997 829 waren: Wilhelm Kaiser und 6 Pudelitz confirmirt am Sonn¬
197 807 1979 946 tage nach Ostern am 1810, verheirathete sich den 2 Juli 1821
192 898 1995 1040 mit Maria Louise Charlotte geb. Twagtmann eine Tochter
192 994 2009 1097 von Christian Twagtmann und geb: den 24 December u. g.t
197 1083 1641 1218 im selben Monat 1800. Kinder dieser Ehe sind:
228 1158 2011 1286 1. Fridrich Christian geb. den 15 Decemb. 1821. get im selb.
324 1259 1983 1382 Monat. Pathen: Fridrich Engelking, confirmirt am
331 1350 1111 1476 Sonntage nach Ostern 1835.
343 1421 2020 1533 Conrad Dietrich Ferdinand geb: den 8 Januar 1827 und gut:
322 1522 2027 1654 den 14 Januar 1827. Pathen: Conrad Reinking und Dietrich
331 1618 1787 1734 Bloome, confirmirt am Sonntage nach Ostern 1841.
331 1702 2011 1821 Maria Wilhelmine geb: den 6 Mai get: im selben Monat
324 1785 1862 1924 1831. Pathen: Sophia Reinking, confirmirt. 1845.
336 1897 2018 2006 Auguste Matilde Dorathee geb: den 13 Sept. 1833 getauft
235 1908 322 2004 4.
331 1965 2045 2123 den selben Monat-Pathen: Friderike Brockhorn, confirmirt
324 2052 1993 2207 im Jahre 1847 um Ostern von Prof: Walther. St. Louis.
340 2143 2043 2280 Conrad Christian Wilhelm geb: den 22 Juli v. gut: im sel¬
340 2226 2045 2351 ben Monat 1839. Pathen: Conrad Storm und Christian
324 2322 1753 2456 Dietzich Lessmann „confirmirt“ um Ostern 1853.
334 2406 2002 2539 Er wandurte aus mit seiner Familie nachden V. St. v. N.
219 2488 1997 2598 A. den 5 April 1844. er selbst er den 18 Mai in New-Osleangs
231 2587 2025 2708 ankam von da ging er nach dem südlichen Illionais und nachdem
217 2687 2011 2801 er dort u. in St. Louis 4 Jahre lang gewohnt hatte, zog er nach
219 2749 2050 2891 Preeble Tow. Adams Ev. Ind. wohnlbst seine Frau den 10 Aug. 1850 starb.
231 2861 2015 3014 Im Jahre 1854 zog er hier her zu seinem Sohn, woselbst er sich
226 2927 2031 3064 alsobald dieser Gemeinde anschluß. Außer den genannten für
240 3034 2056 3153 Kindern die noch alle am Leben sind, hatten genannte Ehe¬
231 3121 2036 3263 leute noch 1 Sohn und 4 Töchter, von welchem der erste
228 3222 2061 3334 und drei Töchter schon in Deutschland gestorben sind, eine Tochter
226 3302 937 3453 aber in St. Louis M.
2061 0 2162 162 49
