2157 3583
61 0 149 110 50
561 178 1361 385 David Bibelheimer
1059 349 1635 489 Bibelheimer und
237 338 831 514 ehelicher Sohn von
1892 342 2036 496 geb.
622 484 2052 572 geboren in West-Penn Schulzill Co. Pa. den
241 541 2036 673 5 Ochtober und getauft den 17 November 1805. confirmirt
237 640 1221 782 Anno 1819. Er verheirathete sich den
1712 646 2025 775 mit Jung,
243 728 635 854 Frau Maria
930 730 1460 867 eine Tochter von
1318 827 2039 964 geboren in oben genaue-
856 833 989 946 geb:
241 878 2045 1032 tem Orte den 9 Januar und getauft den 1 May 1810. Im Jah-
237 991 2048 1135 re 18   zog er hierher und schloß sich alsbald dieser Gemeinde
250 1079 1273 1214 an. Kinder dieser Ehe sind:
270 1158 354 1266 1.
671 1419 1144 1532 dans le temps de l'année.
266 1426 347 1527 2.
367 2475 2034 2615 Elisabeth geb. den 18 December 1841 in Huma Ma¬
349 2554 2030 2678 dina Co. O., und get. den 20. März 1842. Pathen: Ruben Man¬
345 2635 2039 2775 sz und seine Ehefrau, conf. den 28 März 1858 von Paß. Jäbker.
358 2746 2045 2861 Harietta geboden den 7 Februar und get. den 10 März 1845 in
345 2831 2032 2962 Medina Co. O. Pathen: Johann Miller und seine Ehefrau Ko-
351 2906 1002 3025 Sine, confirmirt den
1315 2903 1608 3025 von Past.
358 3003 2048 3122 Amanda geb. den 17 Januar und get. den 7 März 1848
340 3097 1306 3214 in Medina Co. O. Pathen-Johann
1469 3079 2043 3221 und seine Ehefrau
333 3163 1705 3300 Pennina u. dorf. von Pass. Fritze im Juli 1865.
351 3248 2005 3383 Isabella geboren den 21 Februar und getauft den
354 3336 2045 3482 1 März 1851. Pathen: Louise Bleeke und Maria Blecke.
2016 205 2153 309 Nº 25
