2261 3615
361 324 1988 497 Adam J. Biens & Ch. M. Mathilde Bleeki
368 437 1138 598 getraut den 14. Mai 1894.
437 499 1648 669 Zeugen: Otto Bleeke & Emilie Steele.
370 738 2009 949 William Dayton Barone & Frida K. M. Bischoff
444 894 1170 1016 getraut den 23. Nov. 1879.
375 968 1692 1124 Zeugen: Th. Bleeke & Hedwig Schindler
382 1165 1949 1391 Wilhelm Schleicher & Martha M Rein King
386 1331 1195 1471 getraut den 26. Nov. 1899.
425 1372 1669 1554 Zeugen: Fr. Linau, & Kl. Rein King
795 1494 1756 1667 (getraut von Pastor Fr. Reinking)
416 1648 1600 1800 Otto E. Blecke & Emilie R. Steele
375 1786 1179 1919 getraut den 19. April 1900.
1554 1834 1848 1995 Bleeki.
432 1853 1522 2014 Zeugen: Hy Schönstedt & Hz
446 1970 2165 2177 W. Theodor Blecke & Augusts Hedwig Schindler
425 2119 1322 2264 getrüut den 26. April 1900
423 2179 1690 2354 Zeugen: H. Reircking & Hy Bleeke.
343 2301 1382 2434 /geb. den 28. März 1880 Lausigk, Sachsen
345 2372 1549 2533 -Eltern: W. Schindler + Augusts Hänsel
363 2494 2211 2673 Heinrich Christian Karl Eix, aus F. Wayne, Ind geb 2 Sep 1873
343 2634 1517 2811 + Alwine Luise Maria Reinking,
331 2742 1170 2885 getraut den 11. Aug. 1901.
379 2786 2101 2979 Zeugen. W. F. Rein King und From, Hy Eirs und Fran
370 2942 1887 3154 Franz Fried. Kirdtach, schon von Ernstsch. Kirbach.
883 3085 1795 3221 1870, zu Leißnich, Sachsen.
467 3099 756 3204 geb. den
388 3161 2050 3319 + Juliane A. M. Bleeke, Tochter von Hyr. Em Bleeke
411 3255 1253 3427 getr. den 25. Mai 1902.
531 3294 2209 3494 Zeugen: Arthur Bleeke & Emilie Bleeke & B. Schamerl &c
