2202 3586
376 335 2101 505 Gustav Conrad Friedrich Reinking, Sohn von W. F. Reinking u. dessen
533 452 1223 600 Ehefrau Luise, geb. Bleeke,
1557 522 2103 669 L. Koldewey u. dessen
344 529 1535 703 und Maria Christine Yſoldenvey. Tochter von
378 645 1286 772 Chef van Sophie, geb. nemann.
389 729 1273 866 Ropuliert den 12. Oktober 1902.
408 746 1763 970 Zeugen: W. F. & Suire Reinking u. L. = S. Koldewey
415 1043 1103 1174 Hermann Buettner
402 1155 978 1309 Alice May Beltz
389 1251 1174 1393 getraut den 1. Januar 1903.
434 1374 2109 1552 Wilhelm Ludwig Boseker aus H. Hayne, Ind.
430 1499 1460 1615 Adeline Sophie El. Rein King
432 1602 1361 1746 getrunt den 7. Juni 1903.
522 1668 2073 1817 Zeigen: I. & Ch. Reinking, F. + S. Boseker, bh. Koch.
460 1836 1679 1987 Heinrich Karl August Nahrvold
413 1946 2025 2101 Sohn v. Chr. Nahrwold Ordessen Ehefrau Julin, geb. Niaker
396 2030 1395 2187 geb. den 13. Januar 1881. zu Friedheim
338 2109 1797 2247 uns. Selma Katharina Isabella Ehrmann,
363 2204 1860 2356 Tochter von J. Ehrmann & Karoline, geb. Bleeke.
398 2283 1253 2440 getrunk den 25. Okt. 1903.
434 2322 1965 2528 Zeugen: Florenz Ehrmann + Maria Nahrwold.
467 2535 1357 2694 b. F. Wilhelm Koldewey
447 2629 2068 2793 Sohn von L. Koldewey w. dessen Ehefrau Sophie, geb. Tiemann
477 2743 1127 2885 geb. den 2. Sept. 1870.
464 2814 1533 2969 Johanna S. Holle. Tochter von
1537 2920 1666 3047 geb.
1705 2898 1991 3034 Bleike
505 2905 1516 3034 H. Holle, u. dessen Ehefrau Sophie
417 2984 836 3064 geb. 6. Aug. 1876;
402 3010 1357 3133 gebraut den 12. November 1903.
402 3040 1763 3255 Zeugen: L. Koldervey, j. & Math. Holle
