2261 3615
471 275 1359 491 Hermann Leininger
1413 302 1833 464 Sohn von
349 435 2112 589 P. Leinninger u. dessen Ehefrau Anna, geb. Fankhausen,
307 529 1104 675 anz Fettisville Ohio, y
333 613 1477 773 Klara Reinkma, Tochter von
358 693 2112 877 Ferd. Römkring, in dessen Ehefrau Maria, geb. Bleeke,
333 804 1026 922 ans Decatur, Ina
313 866 1450 1048 getraut den 29. Mair 1904
402 984 1444 1131 von Pastor Fr. Reinking.
449 1175 1635 1379 Wilhelm Reinhold Widenbach
538 1306 1788 1470 Sohn v. Johann Kerdenbach, + dessen Elufau
589 1415 1197 1542 Mourg. geb. Herg.
1741 1499 1917 1624 1887
453 1479 1435 1648 aus Convoy ‚Ohic““ gebd.
342 1579 1450 1737 und Torme & E. Bizchoff
515 1646 2192 1806 Tochter von H. Bishoff u. d. Ehefrau Christen, geb. Blutz
449 1766 1131 1924 geb. den 8. Jan. 1886
355 1850 1373 2017 getr. den 18 Juli 1804
402 1897 1850 2110 Zeugen: J. v. Bischoff + Ida Reidenbach.
355 2115 2055 2283 Arthur Christian Gollfried Blakey, Sohn & Heim,
304 2230 2088 2377 Blakez, geb. 16. Non. 1880 in seinen Townstift Adams
846 2330 1062 2408 und
315 2321 591 2414 Co. Ind.
309 2386 2064 2510 Beata Louise Angelica testr. n. Chr. Schamerlot.
315 2488 1486 2619 und s. Ehefrau Emilie geb. Boerger gab
1530 2508 2041 2626 15 Feb. 1883
322 2574 1510 2685 in Union Townstif. Sidams Co.
1528 2583 1717 2701 Ind.
322 2657 1477 2772 gebaut am 23. Juli 1805 in der
1502 2679 2172 2797 ev. bith Imannels.
322 2739 1171 2879 Kirche für Decater Ind.
331 2837 1468 2952 Zeugin Adolf Schamerlot
722 2923 1457 3070 Emilie Blakey.
673 3125 1146 3352 see page 53
