2267 3597
65 2963 187 3143 1871
261 1398 344 1517 10.
257 2395 347 2501 12,
239 2985 329 3104 13
167 3251 369 3388 14
907 16 1222 200 Register
718 149 1466 275 der Leichenbegängnisse.
693 335 2049 489 Wilhelm Söhnlein des Herrn Christian Bleeke und
365 338 635 473 Christian
567 441 2001 583 seiner Ehefrau Maria geb. Rup, starb in einem
576 538 1986 673 Alter von 2 Jahren, 7 Monaten u. 14 Tagen den 11ten
570 624 1997 750 September 1869 u. wurde am 13t d. M. christlich zur
585 711 1675 853 Erde bestattet. (Taŭfregister No 67)
358 860 2015 1038 Auguste Maria Johanne Tochterlein des Pastors Heinrich
552 975 2046 1110 Steger und seiner Ehefrau Elise geb. Stoppenhagen starb
576 1065 2042 1157 am 5 December 1869 im Alter von 3 Jahren 3 Monat.
561 1150 2015 1279 ŭnd 7 Tagen, und wurde am 8 December christlich
576 1236 1767 1376 zur Erde bestattet. (Taufregister No 62.)
385 1373 2028 1524 Fridrich Christian Söhnlein des Herrn Christian Schamer¬
534 1499 2028 1637 loh und seiner Ehefrau Caroline geb: Krückeberg, ge¬
554 1594 2001 1706 storben den 24 December 1869 in einem Alter von
570 1693 2024 1817 3 Jahren, 11 Monaten u. 24 Tagen, christlich zur Erde be-
561 1769 2022 1920 stattet den 26 December 1869. (Taufregischer No 58.)
356 1898 2037 2060 Louise Sophie Caroline Tochter des Herrn Christian Scha¬
498 2031 2044 2143 mesloh u. seiner Ehefrau Caroline geb. Krückeberg gestor¬
489 2125 2035 2244 ben den 9te Januar 1870 in einem Alter von 7 Jahren
513 2213 2024 2312 9 Monaten u. 22 Tagen, christlich zur Erde bestattet den
489 2285 1634 2438 11 Januar 1870. (Taufregister No 31.)
385 2400 2193 2566 Anna Pauline Elisabeth, Tochterlein des Herrn Carl Martin
365 2528 2159 2681 Kiedrich Scharbade, und seiner Ehefrau Christina Friedricke,
464 2632 2073 2767 geb. Meile, gestorben den 5t Mai 1870. im Alter von
453 2726 2154 2839 3. Monaten u. 16. Tagen, christl. zur Ende bestattet den 6 Mai
464 2819 1204 2958 1870 (Taufregister Nov. 94)
398 2994 1567 3122 Ein todtgebornes Föchnlein des Herrn
1583 2983 2202 3116 Carl. Martin Friedrich
1236 3068 1328 3127 E
482 3080 2163 3222 Scharbade, u. seiner Ehefrau Friedricha Christina, geb. Meiler
489 3174 977 3276 den 3ten Juni 1871.
441 3242 2195 3390 Sivin, Söhnlein des Herrn Eduard Pellz u. seiner Ehefrau Sophie
453 3361 2195 3458 gestorben den 20 Nov: 1871. in einem Alter von 6 Jahr. 7 Monat u. 5 Tage
450 3417 1362 3523 und christl. bestattet den 21 Nov. 1871.
