2261 3585
207 364 309 487 24.
207 731 332 926 25.
216 1251 327 1356 26.
211 1506 332 1657 27.
211 1966 327 2094 28.
214 2407 318 2502 29.
214 2811 306 2948 30.
511 139 1630 341 Register der Leigenbegängnisse
453 344 2238 494 Louise Sophie Caroline, Tochter von Carl, Diedrich Frilhelm,
348 471 2198 597 Schamerlch und seiner Ehefrau Philipine, geb. 10. April 1860.
355 539 2217 662 gestorben den 2. Oct. 1877. Christlich begraben den 4. Oct 1877 Alter:
369 648 2126 780 17 Jahre 5 Monate. 22 Tage. (Täusregister No 33. Seite 82.).
402 805 2191 952 Wittwe Sophie Wilhelmine Kesland, geboren den 11. Juni
339 901 2147 1033 1811, gestorben am 28. April. Christlich zur Erde bestattet den
339 987 2140 1098 30 (?) April 1878. Alter: 66 Jahre. 10 Monate und 17 Tage.
367 1263 2163 1358 Johann, Heinrich, Carl Grote geboren den 4. Novbr 1823, Sohn von Johann,
367 1365 2096 1439 Heinrich Grolz und dessen Ehefrau Sophia geboren Bornwainst. Gestorben den
351 1418 1961 1525 de 27ten May 1878. Christlich zur Ruhe bestattet den 29 Mayt 1878
420 1506 2184 1641 Elisabeth Beltz, geboren den 30. December 1811. Tochter von
385 1590 2212 1690 Christian Bibelheimer u. dessen Frau Maria, geborene Rothen-
369 1683 2201 1822 stein; gestorben am 21. Maerz. 1876. Christlich zur Erde bestattet,
362 1790 2008 1922 am 23. März 1876. Alter: 64 Jahre 2 Monate u. 21. Tage.
395 1941 2159 2087 Sarah Schoenstedt geb. Beltz, Ehefrau des Heinrich
483 2052 1980 2182 Schönstedt, geboren den 4ten Mai 1851. Gestorben den
487 2131 1746 2273 Januar 1879, christlich zur Erde bestattet den
494 2240 754 2326 Alhier!
2003 2412 2154 2498 121.
446 2372 1987 2535 Johann Heinrich Krueckeberg, geboren den
518 2493 2110 2602 August 1806, gestorben den 21t und begraben den 23t
534 2556 1987 2690 März 1879. Alter 72 Jahre, 7 Monate u. 11 Tage.
527 2651 1305 2779 (Siehe Seite 32), Luc. 2, 29. 38,
471 2797 2061 2962 Caroline Sophie Krückeberg, geboren den 23ten
309 2920 2061 3041 Januar 1808, gestorben den 1ten und begraben den 3t October
1581 3008 2140 3157 Offerb. 14, 13) S. p. 32.
313 3006 1541 3148 1879. Alter 71 Jahre 8 Monate u. 8 Tage
717 3352 815 3438 —
504 3352 601 3440 .
