<?xml version="1.0" encoding="UTF-8" standalone="yes"?>
<PcGts xmlns="http://schema.primaresearch.org/PAGE/gts/pagecontent/2013-07-15" xmlns:xsi="http://www.w3.org/2001/XMLSchema-instance" xsi:schemaLocation="http://schema.primaresearch.org/PAGE/gts/pagecontent/2013-07-15 http://schema.primaresearch.org/PAGE/gts/pagecontent/2013-07-15/pagecontent.xsd">
    <Metadata>
        <Creator>prov=READ-COOP:name=TrHtr:version=2.27.0:model_id=309593:date=08_06_2025_21:29</Creator>
        <Created>2025-06-08T18:53:18.367+02:00</Created>
        <LastChange>2025-06-08T21:29:51.273+02:00</LastChange>
    </Metadata>
    <Page imageFilename="0229_0235_gray_sigmoid1050.jpg" imageWidth="2184" imageHeight="3620">
        <ReadingOrder>
            <OrderedGroup id="ro_1750185961633" caption="Regions reading order">
                <RegionRefIndexed index="0" regionRef="tr_1"/>
                <RegionRefIndexed index="1" regionRef="tr_2"/>
                <RegionRefIndexed index="2" regionRef="tr_3"/>
                <RegionRefIndexed index="3" regionRef="tr_4"/>
            </OrderedGroup>
        </ReadingOrder>
        <TextRegion orientation="0.0" id="tr_1" custom="readingOrder {index:0;}">
            <Coords points="59,802 59,955 134,955 134,802"/>
            <TextLine id="tr_1_tl_1" custom="readingOrder {index:0;}">
                <Coords points="48,943 61,943 66,938 75,947 91,952 109,938 127,940 120,790 104,790 93,781 64,802 41,802"/>
                <Baseline points="59,902 84,904 109,905 134,905"/>
                <TextEquiv>
                    <Unicode>2.</Unicode>
                </TextEquiv>
            </TextLine>
        </TextRegion>
        <TextRegion orientation="0.0" id="tr_2" custom="readingOrder {index:1;}">
            <Coords points="164,342 164,1304 265,1304 265,342"/>
            <TextLine id="tr_2_tl_1" custom="readingOrder {index:0;}">
                <Coords points="152,463 175,468 189,454 202,459 207,454 216,463 232,457 241,461 259,457 257,379 229,384 204,370 184,386 166,382 150,386"/>
                <Baseline points="164,442 189,442 214,442 239,444 265,445"/>
                <TextEquiv>
                    <Unicode>45.</Unicode>
                </TextEquiv>
            </TextLine>
            <TextLine id="tr_2_tl_2" custom="readingOrder {index:1;}">
                <Coords points="164,929 175,929 179,924 193,933 202,927 223,929 234,918 241,924 257,924 257,827 245,827 225,845 211,847 191,843 184,836 164,836"/>
                <Baseline points="176,902 204,900 233,900 262,902"/>
                <TextEquiv>
                    <Unicode>46.</Unicode>
                </TextEquiv>
            </TextLine>
            <TextLine id="tr_2_tl_3" custom="readingOrder {index:2;}">
                <Coords points="157,1283 175,1288 193,1270 213,1270 234,1256 245,1263 257,1261 252,1206 232,1211 218,1197 193,1204 182,1199 168,1215 152,1213"/>
                <Baseline points="167,1248 198,1248 230,1250 262,1254"/>
                <TextEquiv>
                    <Unicode>47.</Unicode>
                </TextEquiv>
            </TextLine>
        </TextRegion>
        <TextRegion orientation="0.0" id="tr_3" custom="readingOrder {index:2;}">
            <Coords points="185,2997 185,3150 268,3150 268,2997"/>
            <TextLine id="tr_3_tl_1" custom="readingOrder {index:0;}">
                <Coords points="173,3112 191,3116 202,3105 218,3121 220,3118 229,3121 241,3118 250,3109 261,3109 263,3037 248,3037 241,3043 220,3030 213,3032 207,3025 189,3034 175,3032"/>
                <Baseline points="185,3100 212,3100 240,3099 268,3097"/>
                <TextEquiv>
                    <Unicode>50.</Unicode>
                </TextEquiv>
            </TextLine>
        </TextRegion>
        <TextRegion orientation="0.0" id="tr_4" custom="readingOrder {index:3;}">
            <Coords points="224,406 224,3480 2135,3480 2135,406"/>
            <TextLine id="tr_4_tl_1" custom="readingOrder {index:0;}">
                <Coords points="332,486 1472,459 1956,504 2033,475 2033,393 1883,352 1515,402 1261,341 1138,384 949,336 568,388 329,341"/>
                <Baseline points="343,451 427,445 512,450 597,452 682,451 767,453 851,453 936,451 1021,451 1106,451 1191,453 1275,453 1360,452 1445,458 1530,462 1615,463 1699,468 1784,471 1869,471 1954,471 2039,477"/>
                <TextEquiv>
                    <Unicode>Allani Julius Heinrich, Söhnlein des weiland</Unicode>
                </TextEquiv>
            </TextLine>
            <TextLine id="tr_4_tl_2" custom="readingOrder {index:1;}">
                <Coords points="241,554 472,597 1581,570 1767,627 2037,602 2062,547 1506,468 238,493"/>
                <Baseline points="253,540 343,543 434,549 525,552 616,555 707,552 797,555 888,555 979,552 1070,555 1161,551 1251,555 1342,557 1433,562 1524,567 1615,571 1705,577 1796,577 1887,580 1978,588 2069,597"/>
                <TextEquiv>
                    <Unicode>August Haupt und dessen Ehefrau Doris, gestorben</Unicode>
                </TextEquiv>
            </TextLine>
            <TextLine id="tr_4_tl_3" custom="readingOrder {index:2;}">
                <Coords points="243,659 879,684 1102,640 1983,709 1981,618 1869,591 527,600 241,554"/>
                <Baseline points="256,639 342,636 429,639 515,639 602,642 689,642 775,644 862,642 949,642 1035,642 1122,642 1209,646 1295,649 1382,651 1469,651 1555,654 1642,657 1729,663 1815,663 1902,668 1989,678"/>
                <TextEquiv>
                    <Unicode>den 1t und beerdigt den 2 September 1884. Alter</Unicode>
                </TextEquiv>
            </TextLine>
            <TextLine id="tr_4_tl_4" custom="readingOrder {index:3;}">
                <Coords points="245,799 556,734 1074,784 1181,745 1517,790 1733,761 1731,675 1608,661 1263,688 1074,645 872,686 343,640 243,672"/>
                <Baseline points="256,719 330,719 404,720 478,722 552,722 626,725 700,728 774,730 848,728 922,728 997,725 1071,723 1145,725 1219,729 1293,734 1367,739 1441,743 1515,746 1589,741 1663,740 1738,740"/>
                <TextEquiv>
                    <Unicode>4 Monate und 18 Tage „Pfalm 23“. (Teifong. 19)</Unicode>
                </TextEquiv>
            </TextLine>
            <TextLine id="tr_4_tl_5" custom="readingOrder {index:4;}">
                <Coords points="348,931 2017,920 2017,849 1824,818 1065,809 863,859 348,784"/>
                <Baseline points="361,902 444,899 527,902 610,904 693,907 776,910 859,910 942,916 1025,910 1108,910 1191,911 1274,905 1357,902 1440,905 1523,902 1606,905 1689,903 1772,901 1855,902 1938,903 2022,907"/>
                <TextEquiv>
                    <Unicode>Louise Krückeberg, gestorben den 24t Septen¬</Unicode>
                </TextEquiv>
            </TextLine>
            <TextLine id="tr_4_tl_6" custom="readingOrder {index:5;}">
                <Coords points="261,993 1978,1006 1978,927 1785,913 1083,949 261,906"/>
                <Baseline points="274,985 359,988 444,988 530,988 615,987 701,991 786,992 872,991 957,991 1043,988 1128,985 1213,985 1299,985 1384,985 1470,985 1555,985 1641,990 1726,988 1812,987 1897,986 1983,994"/>
                <TextEquiv>
                    <Unicode>ber und beerdigt den 26 September 1884. Alter:</Unicode>
                </TextEquiv>
            </TextLine>
            <TextLine id="tr_4_tl_7" custom="readingOrder {index:6;}">
                <Coords points="250,1102 1088,1081 1299,1136 2026,1090 2026,1033 1676,993 1231,1031 250,995"/>
                <Baseline points="262,1075 350,1078 438,1078 527,1075 615,1075 704,1075 792,1075 881,1078 969,1081 1058,1083 1146,1081 1234,1084 1323,1082 1411,1081 1500,1081 1588,1084 1677,1078 1765,1075 1854,1075 1942,1074 2031,1078"/>
                <TextEquiv>
                    <Unicode>20 Jahre 2 Monate und 14 Tage. (Seite 38.) (Text Ps. 103, 15-17.)</Unicode>
                </TextEquiv>
            </TextLine>
            <TextLine id="tr_4_tl_8" custom="readingOrder {index:7;}">
                <Coords points="434,1281 1563,1276 1563,1197 1492,1165 1199,1224 897,1167 436,1188"/>
                <Baseline points="448,1269 504,1267 560,1261 616,1258 672,1251 728,1250 784,1251 840,1254 896,1257 952,1258 1008,1260 1064,1258 1120,1254 1176,1256 1232,1252 1288,1246 1344,1242 1400,1248 1456,1246 1512,1245 1568,1245"/>
                <TextEquiv>
                    <Unicode>C. Sophie Thieme eine geborne Holle</Unicode>
                </TextEquiv>
            </TextLine>
            <TextLine id="tr_4_tl_9" custom="readingOrder {index:8;}">
                <Coords points="1544,1320 1560,1317 1565,1320 1579,1311 1583,1315 1599,1315 1610,1308 1622,1308 1619,1215 1585,1213 1579,1217 1560,1206 1542,1208"/>
                <Baseline points="1556,1302 1591,1302 1627,1305"/>
                <TextEquiv>
                    <Unicode>Fr.</Unicode>
                </TextEquiv>
            </TextLine>
            <TextLine id="tr_4_tl_10" custom="readingOrder {index:9;}">
                <Coords points="304,1388 486,1333 927,1379 1433,1324 1719,1395 1960,1349 1960,1286 1794,1238 1626,1315 1388,1261 304,1295"/>
                <Baseline points="316,1335 398,1335 480,1335 563,1333 645,1329 728,1330 810,1335 893,1335 975,1335 1058,1332 1140,1329 1222,1329 1305,1326 1387,1326 1470,1323 1552,1327 1635,1334 1717,1335 1800,1337 1882,1332 1965,1329"/>
                <TextEquiv>
                    <Unicode>gebr. d. 1. März 1863. gestorben d. 20 Juni im Wochenbett</Unicode>
                </TextEquiv>
            </TextLine>
            <TextLine id="tr_4_tl_11" custom="readingOrder {index:10;}">
                <Coords points="1490,1442 1583,1449 1635,1481 1719,1454 1758,1463 1837,1424 1926,1420 1928,1365 1883,1356 1844,1374 1790,1354 1713,1397 1660,1365 1622,1376 1567,1335 1538,1354 1492,1342"/>
                <Baseline points="1502,1424 1527,1421 1552,1421 1577,1421 1603,1421 1628,1421 1653,1421 1679,1421 1704,1421 1729,1419 1754,1417 1780,1414 1805,1412 1830,1412 1856,1412 1881,1412 1906,1414 1932,1418"/>
                <TextEquiv>
                    <Unicode>Joh. 16, 22 x</Unicode>
                </TextEquiv>
            </TextLine>
            <TextLine id="tr_4_tl_12" custom="readingOrder {index:11;}">
                <Coords points="318,1488 420,1485 491,1442 706,1488 788,1429 1022,1476 1022,1374 958,1360 920,1383 843,1345 761,1376 697,1351 618,1401 454,1351 318,1381"/>
                <Baseline points="331,1427 365,1424 400,1424 435,1422 470,1419 505,1418 539,1418 574,1418 609,1416 644,1415 679,1416 713,1418 748,1420 783,1421 818,1422 853,1424 887,1424 922,1424 957,1423 992,1421 1027,1421"/>
                <TextEquiv>
                    <Unicode>begraben v. 22. Juni 1886.</Unicode>
                </TextEquiv>
            </TextLine>
            <TextLine id="tr_4_tl_13" custom="readingOrder {index:12;}">
                <Coords points="1245,1451 1279,1469 1311,1456 1342,1463 1365,1438 1399,1456 1417,1442 1431,1451 1442,1438 1460,1438 1460,1367 1449,1370 1415,1349 1383,1354 1360,1335 1290,1363 1276,1349 1242,1351"/>
                <Baseline points="1254,1424 1280,1422 1307,1422 1333,1423 1360,1424 1386,1424 1413,1424 1439,1424 1466,1424"/>
                <TextEquiv>
                    <Unicode>L. Text.</Unicode>
                </TextEquiv>
            </TextLine>
            <TextLine id="tr_4_tl_14" custom="readingOrder {index:13;}">
                <Coords points="1756,1515 1874,1538 1903,1515 1987,1563 2046,1544 2094,1569 2099,1451 2012,1431 1921,1440 1903,1458 1837,1449 1758,1460"/>
                <Baseline points="1768,1508 1793,1508 1819,1506 1845,1505 1870,1505 1896,1505 1922,1505 1947,1503 1973,1501 1999,1500 2024,1498 2050,1496 2076,1496 2102,1495"/>
                <TextEquiv>
                    <Unicode>W. Schmidt P.</Unicode>
                </TextEquiv>
            </TextLine>
            <TextLine id="tr_4_tl_15" custom="readingOrder {index:14;}">
                <Coords points="359,1797 1576,1785 1574,1697 1363,1742 1233,1674 1167,1717 927,1665 597,1685 491,1733 357,1703"/>
                <Baseline points="370,1777 430,1777 491,1777 551,1777 612,1773 673,1771 733,1771 794,1771 855,1771 915,1772 976,1774 1037,1777 1097,1782 1158,1777 1219,1777 1279,1778 1340,1780 1401,1780 1461,1780 1522,1780 1583,1780"/>
                <TextEquiv>
                    <Unicode>Carl Dietrich Wilhelm Schamerloh</Unicode>
                </TextEquiv>
            </TextLine>
            <TextLine id="tr_4_tl_16" custom="readingOrder {index:15;}">
                <Coords points="211,1926 354,1876 572,1915 625,1894 797,1915 854,1887 993,1908 974,1799 861,1824 734,1790 656,1840 595,1808 211,1808"/>
                <Baseline points="224,1875 262,1874 301,1874 339,1872 378,1872 417,1872 455,1872 494,1870 533,1871 571,1872 610,1872 649,1871 687,1869 726,1866 765,1868 803,1867 842,1866 881,1866 919,1867 958,1868 997,1863"/>
                <TextEquiv>
                    <Unicode>gebor d. 31. Dez. 1823 (fr. S. 39)</Unicode>
                </TextEquiv>
            </TextLine>
            <TextLine id="tr_4_tl_17" custom="readingOrder {index:16;}">
                <Coords points="1642,1946 1690,1931 1728,1953 1753,1935 1853,1940 1858,1949 1903,1942 1910,1822 1831,1819 1742,1862 1719,1860 1667,1892 1644,1890"/>
                <Baseline points="1657,1917 1682,1917 1707,1916 1733,1914 1758,1912 1784,1911 1809,1909 1834,1908 1860,1908 1885,1908 1911,1908"/>
                <TextEquiv>
                    <Unicode>verursacht</Unicode>
                </TextEquiv>
            </TextLine>
            <TextLine id="tr_4_tl_18" custom="readingOrder {index:17;}">
                <Coords points="332,2017 702,1960 2028,2006 2026,1908 1858,1951 1576,1890 1460,1933 329,1908"/>
                <Baseline points="343,1968 427,1962 512,1962 596,1962 681,1959 765,1961 850,1960 934,1959 1019,1960 1103,1964 1188,1962 1273,1962 1357,1962 1442,1962 1526,1962 1611,1964 1695,1965 1780,1965 1864,1968 1949,1968 2034,1962"/>
                <TextEquiv>
                    <Unicode>gest d. 23. Jan 1888, nachdem durch einen früheren Unfall (ein verstand</Unicode>
                </TextEquiv>
            </TextLine>
            <TextLine id="tr_4_tl_19" custom="readingOrder {index:18;}">
                <Coords points="438,2119 1065,2055 1217,2055 1304,2117 1388,2074 1981,2074 1981,1992 1674,2024 1515,1981 1270,2028 1088,1976 897,2030 654,1974 438,1996"/>
                <Baseline points="451,2051 527,2048 604,2045 681,2045 758,2045 834,2045 911,2048 988,2048 1065,2048 1141,2049 1218,2051 1295,2048 1372,2045 1448,2045 1525,2048 1602,2051 1679,2050 1755,2048 1832,2048 1909,2050 1986,2057"/>
                <TextEquiv>
                    <Unicode>geschwächt war, ertränkte er sich selbst in einer Listerem,</Unicode>
                </TextEquiv>
            </TextLine>
            <TextLine id="tr_4_tl_20" custom="readingOrder {index:19;}">
                <Coords points="488,2165 1258,2140 1440,2208 1529,2144 1631,2189 1899,2153 1899,2071 1663,2121 1599,2080 1079,2121 886,2078 488,2094"/>
                <Baseline points="501,2138 571,2139 641,2138 711,2137 781,2138 852,2138 922,2137 992,2135 1062,2138 1132,2138 1203,2138 1273,2137 1343,2135 1413,2136 1483,2138 1554,2138 1624,2138 1694,2140 1764,2141 1834,2141 1905,2141"/>
                <TextEquiv>
                    <Unicode>morgens z. 4–6, in einem unbewachten Augenblick</Unicode>
                </TextEquiv>
            </TextLine>
            <TextLine id="tr_4_tl_21" custom="readingOrder {index:20;}">
                <Coords points="298,2280 341,2287 402,2244 502,2230 588,2239 618,2267 704,2226 743,2249 874,2246 861,2158 725,2174 609,2144 570,2165 506,2158 454,2196 345,2158 298,2167"/>
                <Baseline points="310,2225 338,2225 366,2225 395,2225 423,2225 452,2225 480,2225 508,2225 537,2225 565,2225 594,2225 622,2224 650,2222 679,2222 707,2223 736,2225 764,2224 792,2222 821,2220 849,2219 878,2219"/>
                <TextEquiv>
                    <Unicode>begr. d. 24. Jan. 88.</Unicode>
                </TextEquiv>
            </TextLine>
            <TextLine id="tr_4_tl_22" custom="readingOrder {index:21;}">
                <Coords points="1108,2287 1345,2239 1442,2283 1576,2224 1769,2260 1847,2226 2130,2249 2130,2185 2080,2174 1644,2192 1513,2144 1440,2205 1315,2153 1217,2187 1108,2160"/>
                <Baseline points="1120,2225 1170,2228 1221,2227 1272,2225 1323,2223 1373,2222 1424,2224 1475,2225 1526,2222 1576,2219 1627,2219 1678,2222 1729,2227 1779,2225 1830,2225 1881,2225 1932,2226 1982,2226 2033,2225 2084,2225 2135,2225"/>
                <TextEquiv>
                    <Unicode>Gepred. über Hosea b, 1. „Käntwirwollmitte"</Unicode>
                </TextEquiv>
            </TextLine>
            <TextLine id="tr_4_tl_23" custom="readingOrder {index:22;}">
                <Coords points="1540,2339 1604,2364 1656,2348 1708,2353 1778,2319 1837,2358 1917,2335 1917,2246 1835,2237 1792,2260 1701,2244 1649,2278 1626,2258 1583,2255 1540,2271"/>
                <Baseline points="1553,2311 1579,2311 1605,2311 1632,2311 1658,2311 1685,2311 1711,2311 1738,2311 1764,2312 1790,2314 1817,2314 1843,2313 1870,2312 1896,2311 1923,2311"/>
                <TextEquiv>
                    <Unicode>W. Schmidt</Unicode>
                </TextEquiv>
            </TextLine>
            <TextLine id="tr_4_tl_24" custom="readingOrder {index:23;}">
                <Coords points="313,2526 529,2494 1497,2523 1497,2414 1420,2394 1331,2433 1170,2442 1090,2394 665,2444 313,2353"/>
                <Baseline points="325,2496 383,2493 442,2491 501,2491 560,2493 619,2493 678,2493 736,2490 795,2488 854,2489 913,2488 972,2490 1031,2490 1090,2490 1148,2490 1207,2490 1266,2490 1325,2490 1384,2489 1443,2486 1502,2482"/>
                <TextEquiv>
                    <Unicode>Conrad Dietrich Ferdinand Reinking</Unicode>
                </TextEquiv>
            </TextLine>
            <TextLine id="tr_4_tl_25" custom="readingOrder {index:24;}">
                <Coords points="338,2619 443,2569 563,2621 625,2594 677,2614 743,2573 806,2612 870,2573 870,2503 754,2530 693,2498 579,2514 527,2496 488,2519 413,2498 338,2537"/>
                <Baseline points="352,2568 378,2568 404,2567 430,2565 456,2567 482,2568 508,2568 535,2569 561,2571 587,2571 613,2571 639,2571 665,2571 691,2571 718,2569 744,2568 770,2566 796,2564 822,2563 848,2563 875,2565"/>
                <TextEquiv>
                    <Unicode>geb. d. 8. Jan. 1827</Unicode>
                </TextEquiv>
            </TextLine>
            <TextLine id="tr_4_tl_26" custom="readingOrder {index:25;}">
                <Coords points="893,2610 945,2594 970,2591 983,2601 1013,2585 1033,2591 1056,2576 1115,2601 1152,2594 1154,2505 1108,2523 1079,2512 1063,2526 979,2496 895,2535"/>
                <Baseline points="905,2574 930,2571 955,2571 980,2571 1006,2571 1031,2571 1056,2571 1082,2570 1107,2568 1132,2567 1158,2565"/>
                <TextEquiv>
                    <Unicode>(1.0.34)</Unicode>
                </TextEquiv>
            </TextLine>
            <TextLine id="tr_4_tl_27" custom="readingOrder {index:26;}">
                <Coords points="334,2719 438,2664 613,2703 983,2653 1454,2719 1610,2662 2080,2710 2062,2607 1617,2571 586,2626 436,2587 334,2641"/>
                <Baseline points="346,2658 433,2658 520,2658 607,2657 694,2658 781,2655 868,2649 955,2649 1042,2657 1129,2658 1216,2658 1303,2659 1390,2658 1477,2658 1564,2658 1651,2658 1738,2658 1825,2658 1912,2667 1999,2670 2087,2673"/>
                <TextEquiv>
                    <Unicode>gestorben den 10. Okt. 1888. (nachdem er zwei Tage zuvor vom Schlagfluß</Unicode>
                </TextEquiv>
            </TextLine>
            <TextLine id="tr_4_tl_28" custom="readingOrder {index:27;}">
                <Coords points="436,2791 829,2753 1031,2798 1140,2755 1458,2750 1458,2696 1340,2707 1247,2666 1156,2707 436,2685"/>
                <Baseline points="448,2750 498,2747 549,2750 600,2750 651,2750 701,2750 752,2750 803,2750 854,2750 904,2750 955,2750 1006,2750 1057,2750 1107,2750 1158,2750 1209,2750 1260,2750 1310,2750 1361,2750 1412,2750 1463,2750"/>
                <TextEquiv>
                    <Unicode>getroffen war, aber noch seine Besinnung</Unicode>
                </TextEquiv>
            </TextLine>
            <TextLine id="tr_4_tl_29" custom="readingOrder {index:28;}">
                <Coords points="1492,2769 1510,2764 1535,2782 1572,2760 1592,2771 1638,2764 1717,2791 1715,2671 1667,2673 1619,2705 1572,2682 1490,2696"/>
                <Baseline points="1505,2750 1531,2752 1558,2753 1585,2753 1612,2753 1639,2753 1666,2753 1693,2754 1720,2756"/>
                <TextEquiv>
                    <Unicode>behalt.</Unicode>
                </TextEquiv>
            </TextLine>
            <TextLine id="tr_4_tl_30" custom="readingOrder {index:29;}">
                <Coords points="354,2891 411,2909 511,2860 591,2880 725,2844 831,2866 911,2846 1033,2880 1036,2796 877,2771 793,2800 690,2762 606,2812 518,2762 438,2800 357,2762"/>
                <Baseline points="367,2843 400,2843 434,2843 467,2842 501,2840 535,2840 568,2840 602,2840 635,2840 669,2842 703,2840 736,2838 770,2840 803,2838 837,2837 871,2836 904,2834 938,2834 971,2834 1005,2835 1039,2840"/>
                <TextEquiv>
                    <Unicode>begraben d. 12. Okt 1888.</Unicode>
                </TextEquiv>
            </TextLine>
            <TextLine id="tr_4_tl_31" custom="readingOrder {index:30;}">
                <Coords points="1142,2869 1222,2894 1320,2850 1351,2880 1399,2850 1651,2860 1651,2782 1576,2757 1535,2782 1494,2764 1438,2803 1399,2803 1340,2766 1142,2775"/>
                <Baseline points="1155,2843 1180,2843 1205,2843 1230,2843 1255,2843 1280,2843 1305,2844 1330,2846 1355,2846 1380,2846 1406,2846 1431,2846 1456,2844 1481,2843 1506,2843 1531,2843 1556,2843 1581,2843 1606,2844 1631,2845 1657,2846"/>
                <TextEquiv>
                    <Unicode>Leichentext. Phil. 1,</Unicode>
                </TextEquiv>
            </TextLine>
            <TextLine id="tr_4_tl_32" custom="readingOrder {index:31;}">
                <Coords points="1672,2850 1685,2848 1697,2855 1713,2848 1738,2857 1758,2850 1765,2857 1778,2857 1774,2778 1756,2778 1751,2785 1735,2778 1722,2782 1708,2773 1688,2780 1678,2775 1667,2778"/>
                <Baseline points="1684,2843 1717,2843 1750,2843 1783,2849"/>
                <TextEquiv>
                    <Unicode>27</Unicode>
                </TextEquiv>
            </TextLine>
            <TextLine id="tr_4_tl_33" custom="readingOrder {index:32;}">
                <Coords points="1463,2946 1519,2959 1590,2939 1615,2953 1644,2944 1722,2975 1738,2962 1772,2973 1772,2853 1722,2848 1669,2878 1626,2857 1574,2873 1542,2857 1506,2884 1463,2864"/>
                <Baseline points="1475,2933 1500,2933 1525,2933 1550,2933 1575,2933 1600,2933 1626,2933 1651,2932 1676,2931 1701,2930 1726,2930 1751,2930 1777,2930"/>
                <TextEquiv>
                    <Unicode>Schmidt</Unicode>
                </TextEquiv>
            </TextLine>
            <TextLine id="tr_4_tl_34" custom="readingOrder {index:33;}">
                <Coords points="345,3121 886,3116 1063,3164 1158,3118 1288,3123 1288,2980 1206,2982 1086,3062 954,3003 868,3057 602,3021 345,3043"/>
                <Baseline points="358,3100 404,3097 451,3100 498,3106 545,3105 591,3104 638,3106 685,3106 732,3106 778,3106 825,3106 872,3106 919,3106 965,3106 1012,3108 1059,3113 1106,3109 1152,3104 1199,3101 1246,3102 1293,3100"/>
                <TextEquiv>
                    <Unicode>Karl Wilhelm Schön Holle</Unicode>
                </TextEquiv>
            </TextLine>
            <TextLine id="tr_4_tl_35" custom="readingOrder {index:34;}">
                <Coords points="357,3225 681,3193 1015,3223 1018,3128 915,3123 852,3155 772,3112 650,3152 482,3114 427,3139 359,3121"/>
                <Baseline points="370,3195 402,3192 435,3192 467,3192 500,3192 532,3192 565,3192 597,3192 630,3191 662,3189 695,3187 728,3186 760,3186 793,3186 825,3186 858,3184 890,3180 923,3178 955,3175 988,3175 1021,3177"/>
                <TextEquiv>
                    <Unicode>geb. d. 21. März 1884</Unicode>
                </TextEquiv>
            </TextLine>
            <TextLine id="tr_4_tl_36" custom="readingOrder {index:35;}">
                <Coords points="1170,3221 1245,3232 1299,3198 1324,3214 1351,3207 1385,3232 1442,3218 1510,3243 1554,3227 1551,3132 1476,3157 1410,3123 1358,3134 1324,3114 1167,3168"/>
                <Baseline points="1182,3189 1208,3189 1235,3190 1262,3191 1288,3192 1315,3192 1342,3194 1369,3195 1395,3195 1422,3195 1449,3195 1475,3195 1502,3195 1529,3195 1556,3195"/>
                <TextEquiv>
                    <Unicode>7. Taufr. S. 111.</Unicode>
                </TextEquiv>
            </TextLine>
            <TextLine id="tr_4_tl_37" custom="readingOrder {index:36;}">
                <Coords points="366,3346 500,3286 520,3305 593,3286 668,3302 761,3275 961,3309 988,3296 990,3216 936,3200 886,3230 715,3193 654,3221 566,3205 429,3243 366,3232"/>
                <Baseline points="379,3282 409,3279 440,3279 471,3278 502,3276 532,3276 563,3275 594,3273 625,3273 655,3273 686,3273 717,3273 748,3273 778,3273 809,3273 840,3271 871,3270 901,3270 932,3270 963,3271 994,3273"/>
                <TextEquiv>
                    <Unicode>gest d. 14. Okt 1888</Unicode>
                </TextEquiv>
            </TextLine>
            <TextLine id="tr_4_tl_38" custom="readingOrder {index:37;}">
                <Coords points="1015,3309 1222,3286 1313,3314 1431,3284 1554,3302 1554,3227 1494,3246 1433,3216 1388,3232 1295,3198 1224,3246 1195,3223 1074,3252 1015,3230"/>
                <Baseline points="1027,3282 1053,3285 1080,3287 1106,3283 1133,3281 1160,3279 1186,3279 1213,3279 1239,3279 1266,3279 1293,3279 1319,3279 1346,3279 1372,3277 1399,3277 1426,3279 1452,3280 1479,3282 1505,3280 1532,3280 1559,3282"/>
                <TextEquiv>
                    <Unicode>an der Diphteria.</Unicode>
                </TextEquiv>
            </TextLine>
            <TextLine id="tr_4_tl_39" custom="readingOrder {index:38;}">
                <Coords points="1785,3382 1806,3380 1812,3386 1819,3380 1833,3382 1858,3361 1867,3368 1876,3368 1878,3300 1858,3298 1851,3291 1847,3296 1842,3291 1833,3296 1817,3291 1806,3300 1787,3300"/>
                <Baseline points="1798,3369 1825,3369 1853,3368 1881,3366"/>
                <TextEquiv>
                    <Unicode>16.</Unicode>
                </TextEquiv>
            </TextLine>
            <TextLine id="tr_4_tl_40" custom="readingOrder {index:39;}">
                <Coords points="397,3386 461,3414 509,3386 563,3416 688,3425 856,3377 997,3396 997,3302 881,3311 845,3280 745,3307 602,3289 543,3332 457,3298 397,3330"/>
                <Baseline points="409,3372 438,3374 468,3372 498,3372 527,3372 557,3372 587,3370 616,3369 646,3369 676,3369 706,3369 735,3369 765,3369 795,3369 824,3369 854,3369 884,3369 913,3369 943,3365 973,3363 1003,3363"/>
                <TextEquiv>
                    <Unicode>begr. d. 14. Okt. 1886.</Unicode>
                </TextEquiv>
            </TextLine>
            <TextLine id="tr_4_tl_41" custom="readingOrder {index:40;}">
                <Coords points="1479,3416 1551,3427 1638,3375 1703,3386 1762,3371 1765,3314 1735,3318 1694,3298 1658,3321 1631,3305 1565,3311 1549,3300 1522,3325 1481,3327"/>
                <Baseline points="1490,3375 1515,3376 1540,3378 1565,3377 1591,3375 1616,3377 1641,3377 1666,3376 1692,3373 1717,3370 1742,3369 1768,3369"/>
                <TextEquiv>
                    <Unicode>Näyrel6</Unicode>
                </TextEquiv>
            </TextLine>
            <TextLine id="tr_4_tl_42" custom="readingOrder {index:41;}">
                <Coords points="1115,3409 1190,3427 1256,3380 1288,3398 1313,3384 1370,3411 1401,3391 1435,3405 1431,3307 1401,3291 1374,3289 1345,3314 1299,3321 1224,3284 1111,3307"/>
                <Baseline points="1126,3366 1152,3368 1178,3370 1204,3374 1230,3376 1256,3378 1282,3378 1308,3378 1334,3378 1360,3377 1386,3376 1412,3376 1439,3378"/>
                <TextEquiv>
                    <Unicode>Leichentagt</Unicode>
                </TextEquiv>
            </TextLine>
            <TextLine id="tr_4_tl_43" custom="readingOrder {index:42;}">
                <Coords points="1490,3480 1542,3489 1592,3466 1681,3491 1740,3482 1828,3523 1881,3502 1919,3527 2026,3507 2026,3391 1926,3396 1858,3361 1810,3384 1767,3352 1647,3414 1624,3396 1551,3430 1490,3421"/>
                <Baseline points="1502,3455 1528,3457 1554,3459 1581,3461 1607,3459 1634,3458 1660,3460 1687,3461 1713,3461 1740,3461 1766,3461 1792,3461 1819,3460 1845,3458 1872,3458 1898,3458 1925,3458 1951,3457 1978,3456 2004,3454 2031,3452"/>
                <TextEquiv>
                    <Unicode>H. Schmidt. P.</Unicode>
                </TextEquiv>
            </TextLine>
        </TextRegion>
    </Page>
</PcGts>
