2272 3603
483 318 1516 505 Henriette Christine Bischoff
405 451 969 572 g. b. den 6. Sept 1837
1128 461 1887 588 gestorben, den 3. Jan. 1889
421 544 975 681 begraben den 5. Jan. 89.
1096 538 1523 689 Leutentext her, 3.
505 812 1724 938 Marie Bleeke. Ehefrau d. Herrn Fr. Beeke.
554 896 1905 1035 gestorben den 28. Feb. 1890 am Herzschlage.
584 995 1192 1110 begraben den 3. März
1418 987 1897 1126 Leicht. Jer. 29, 11.
632 1156 1406 1279 Adele S. A. Bleeke
671 1249 1841 1388 geb. d. 27. Sept. gest d. 12. Aug. 1890
648 1329 1976 1468 begrab. d. 14. Aug. 1870. L. sept. Luc. B. 52
524 1573 1859 1722 Christian Heinrich Fridrich Rading
1776 1690 2123 1827 Test Röm 8.
616 1690 1760 1835 est d. 27 Aug. begr. d. 28. Aug. 1890
544 1845 826 2006 Gotthoff
864 1857 1746 1994 Köhnlein von Christ Marbach
739 1956 2141 2099 starb am 3. Sep 91. nachdem es die Nottaufe empfangen
574 2111 2171 2244 Emilie S. L. Ehrmann geb. den 22. Feb. 92 gestorb. den 1. Mörg.
636 2213 1428 2354 begraben den 2. März 1892
1482 2217 1976 2360 Ingt. Grüth. 1, 21.
467 2376 1525 2534 Almida Karoline Weyland, starb
1549 2409 1984 2517 den 12. Sept. 92.
606 2477 1508 2600 an der Ruhr im Alter vom 1 J.
1561 2507 1726 2584 11 M.
622 2562 1172 2693 begrab. d. 19. Sept.
1303 2586 1470 2673 Text
1533 2572 1817 2685 pp. 28, 29
385 2687 1982 2854 Christine Amalia Thieme, geb. Rohscher,
433 2824 1523 2973 geb. d. 20. Sept 1827., zu Annabere
1549 2830 1911 2952 Sachsen
451 2918 1466 3051 starb. d. 10. Aug. 1894 am Schlag.
1555 2922 1947 3067 begr. II. Aug.
580 2991 1092 3144 Text. Off. 14, 13.
