2273 3626
412 339 1373 492 Paulona Sophie Bischoff
370 434 1878 600 geb. d. 3. April 1894 gest den 28. Sept. 1894
1127 527 2124 667 starb an Gehirnentzündung ver-
370 547 986 698 begr. den 29t Sept. 1894
1316 616 1971 780 Leichen rept. Joh. 11, 40
372 629 1114 793 anlaßt durch Stickhusten.
427 882 928 1010 Elise Bleeke
456 979 1774 1132 gestorben den 10. März 1845 an der Schwindsucht
1276 1072 1765 1212 Joh. 11, 25, 26.
501 1081 1099 1205 begraben den 12 März.
414 1309 1094 1462 Friedrich W. Blecke
516 1438 1801 1564 gestorben den 16 April 1895 an der Gesichtsrose
1398 1508 1725 1650 Röm. 14, 8
600 1508 1150 1666 begraben den 17.
545 1661 1841 1823 Sophia Böhnke, geborene Schamerloh
403 1783 1675 1916 gestorben den 9. Mai 1895 an Herzleiden
1271 1865 1772 1993 1. Rtr. 1, 3-5.
401 1869 1198 2027 begraben den 11. Mai
401 1991 1034 2180 Johanna Doriz Roth
370 2155 1477 2297 gestorben den 23. Juli 1895 begraben den 25. Januar
1054 2222 1573 2372 Leichentext Jes. 40.11.
377 2383 2160 2554 Johann Gotthried Thieme geb. den 28 Jan 1825 in Niederfrankenheim
427 2487 828 2616 Königr. Sachsen,
368 2572 1670 2718 gest den 13. Sept 1895 begraben den 15. Sept. 895
1251 2660 1905 2815 Leichentext Luc. 2,25 - 32
423 2817 1245 2992 Rufus Ch. Schönstedt
423 2893 2044 3070 gestorben den 10. März 1896 am Lungen fieber im Alter
1564 3012 2188 3167 begraben den 13. März 1896
554 3019 1473 3150 vom 32 Jahren 3. M. u. 7 Tagen.
1305 3101 1912 3258 Bichentag 1. Ag. 16, 30. 31
