2267 3620
248 3005 342 3146 D
439 311 2097 489 Maria Agnes Schönstedt eine geb. Tekampe-
441 420 1977 579 geb. den 28. Dez. 1828 zu Bochhold, Westfalen.
460 535 1465 686 starb den 17. Juli 1896 an der Gicht
529 617 1960 783 begraben den 19 Juli, reichentest Ebr. 4,911.
460 772 1666 911 Amalia Maria Karolina Schamerloh
422 892 1803 1035 geb. den 15. Sept 1896 gest den 20. Sept. 1896.
451 976 1669 1085 begr. den 22. Sept. 1896. Hiöl. 1.21.
401 1219 1519 1364 Elisabeth Wambsgauss, eine geborene Heß.
413 1297 1639 1463 geb. den 1. Aug. 1825 zu Rußdorf in der Pfalz
388 1419 1450 1551 gest. den 20. Okt. 1896 an Alterschwäche
401 1499 1876 1656 begr. den 23. Okt. 1896. Leihentext Off. 7,13-17.
422 1748 915 1880 Wilhelm Panne
401 1859 1839 2000 gestorben den 22. Okt. 1896. in Folge von Nervenfüber
401 1952 1612 2101 bez. 25. Okt. 1896 Leichentagt. Pf. 73, 23-26.
401 2183 2084 2353 Christian Bischoff art. den 4. Sept 1824. (get. 12. Sept. 1827)
416 2298 1559 2435 gestorb. den 22. Dez. 1896 an Lungenfieber
430 2376 1864 2548 begraben das 24. Dez 1896. Leichantext. ffr. 2. Pxbr. 3,
449 2615 1698 2783 Edna Remking, (Taufregister Nr. 324.
1771 2718 1971 2838 Liev. 2.
474 2737 1748 2896 gest den 11. Jan 1897. begr. den 13. Jan. 1897.
856 2919 1295 3033 bij hebben.
422 2961 1671 3127 Christine Bienz, eine geb: Reinking.
464 3089 1933 3232 gest. den 26. Jan. 1897 an Knochen fräss.
1505 3175 1801 3299 Thess 4,
439 3169 1469 3333 begr. den 31. Jan. "Leichentext."
