2255 3621
232 1334 329 1465 *3
391 327 1592 481 Reinhold Bleeke (Taufregister 292)
343 444 1955 580 starb am 16. Feb. 1898 an der Diphferia, begraben denselben Tag
1536 540 1789 683 Monc. 14.
1815 552 1918 667 36
504 543 1500 690 Marc. Alter. 4 Jahre 3. M. 11 Tage.
453 770 1971 938 F. Ein Töchterlein von H. C. Reinking’ welcher am 2. März bald
644 897 1428 1033 nach der Geburt u. Taufe starb.
396 977 1585 1116 Friedrich Reinking (Zaufwagister 326)
345 1095 1815 1210 starb den 6. März an Lungenfieber in Folge der Masern
393 1171 954 1309 begrab. den 8 März 189.
494 1304 1097 1454 Kulda Reinking
1573 1348 1819 1500 (Röm 8)
402 1348 1502 1557 gest. d. 27. April, begr. den 29. April 1898
1364 1594 1828 1739 geborene Blicke
370 1592 1256 1746 Christine Emilie Bischoff
354 1693 1647 1819 gest. den 16. April 1898 begr. 18. April 1898
1433 1794 1711 1930 29. 23.01.
467 1787 1247 1934 Alter. 36 J. 7 M. 8 Tag.
1550 2063 1759 2171 Dauer
1095 2031 1525 2206 Haugk., geb.
649 2033 844 2180 Dais
352 2178 1835 2378 gest d. 28. Juni 1898 (Schlag), begrab d. 30 Juni 1898
1868 2196 2061 2348 29 23.
375 2392 1640 2512 Luise Rosette Weyland, geb. Schönstedt
1109 2500 1500 2601 Taufregister 73
336 2505 961 2636 geb. den 19. Dez. 1858.
324 2555 1755 2726 gest. den 14. Okt. begraben den 16. Oktober 1898. Joh. 13. 7.
1548 2762 2029 2981 J. Tanzw. N. 325
442 2827 1506 2944 Rosa Mathilde Sophie Bleeke
356 2928 2206 3087 geb. den 6. Jan. 1897 gest. den 16. Nov. 1898 bez. 17 Nr. (Marc 10, 13-12).
352 3103 1304 3234 Anna Maria Bleeke, geb. Ruk,
343 3151 2164 3335 gest d. 26. Nov (an der Strindsucht), Begr. d. 28. Nov. 1874 2. Cor. 5, 1–3 %
