2238 3633
84 536 218 654 1
372 281 1437 488 Martin Heinrich Christian Holle.
356 436 2050 592 geb. den 12. April 1878 gest den 22. Feb. 1898 an Lungenzieber
400 547 1044 683 Alter: 20 J. 10 M. 10 h.
1103 556 1943 713 Leichentag 1. Apr: Sal. 8, 17
472 779 1516 960 Heinrich Diedrich Bischoff
411 903 1734 1044 geb. den 9. Nov. 1857. gest. den 7. Okt. 1899.
1766 922 2029 1033 in folge
583 1008 1802 1101 eines Unfalles bei einer Dreschmaschine
424 1078 2113 1237 begraben den 9. Oktober 1899. Leichen test. Jes 28, 29
422 1228 1659 1398 Felix H. W. Biens geb. den 22. Dez 1899.
372 1342 2154 1507 gest den 31 Dez 1899 begraben den 2. Jun 1900. Leichenter) Jer. 31, 3.
352 1582 1364 1739 Martin A. W. Reinking (Taufreg. 81)
356 1693 1573 1830 gest den 14. Jan. begrab den 17. Jun 1900.
1730 1814 1850 1891 8-18
1228 1789 1716 1934 Leichentext 2 Cor. 4
409 1930 1376 2088 Therese Roth geb. Büttner
361 2032 2181 2211 gest den 25. Februar ge begr. den 27. Feb. 1900. Leichenstegs fbr. 9272
434 2184 1194 2347 Hermann G. Blecke
1155 2318 1464 2431 Tauchr. 344
400 2315 1015 2449 geb. den 9. Feb. 1899.
393 2402 1469 2561 gest, den 28. Juli 1900, begr. 29 Juli.
1480 2395 1653 2527 Text.
1678 2413 1991 2536 Wurth 6,10
2045 2418 2193 2567 3. Bith
522 2626 1078 2774 Hilda Lehrmann
325 2742 1998 2910 geb. den 15. Feb. 1901 gest den 16. Feb., begraben den 18. Febr. 1901
527 2976 1582 3153 Luise Büttner, geborene Roth
313 3083 577 3246 geb den
1176 3099 2163 3267 gest. 2. April gest. begr. 4. April 1901
1296 3189 1564 3348 Joh. 8.51.
