2261 3620
226 2761 307 2852 14
378 334 976 478 Benjamin Beltz
334 434 2005 600 geb den 27 Nov. 1853 gest den 2. Aug. 1901 [Herzschlag]
1731 534 2196 686 alt 47 J. 8. M. 5. Torp
337 551 875 696 bey 5. Aug 1901.
1105 553 1514 679 Text. Jes. 57.
1531 575 1679 659 1.2.
341 767 1965 954 Pastor Philipp Wambsgansz. geb. den 19. Dec. 1823 zu
403 904 1847 1035 Nussdorf, in der Pfalz, gestorben den 1. Okt. 1901.
397 979 1870 1136 begr. d. 4. Okt. (Frediger: J. Bohn, Text. ff. 16, 5)
231 1201 1097 1398 Karl Heinrich Brittner
380 1334 1824 1504 geb. den 4. April 1826 zu Hopfgarten. Königs
1849 1338 2152 1494 Sachsen
353 1433 1712 1562 gest den 27. März 1902. Alter. 75 J. 11 M. 23 Tag.
353 1527 997 1656 begr. 30. März 1902.
1028 1523 1770 1635 Leichentert., Red. 7, 3.
355 1774 1382 1913 Karl Friedrich Wilhelm Bleeke
332 1882 1176 2023 geb. 30. Nov. 1825. (1. v. 37)
1753 1940 2138 2080 2. Tein. 4, 7. 8.
341 1947 1701 2125 gest den 15. Sept. begr. den 17 Sept 1903.
403 2088 1631 2262 H. Ch. Wilhelm Reinking!
359 2223 1828 2366 geb. den 18. Feb. 1856. gest. den 25. Okt. 1903
1222 2316 1564 2441 Yoh. II. 11.
403 2331 1186 2466 brugr den 28. Okt. 1903.
361 2466 1296 2595 Reinhard F. Hr. Bischoff.
1677 2532 1832 2663 1903
395 2564 1645 2709 gest. 27. Okt. alter 1 sag bry. 28. okt.
337 2707 1001 2844 Hammerm W. A. A, Thieme
370 2773 1693 2994 geb. d. 20. Juni gest. 21 Juni 1904 begr. 22 Juni
